1561 2511
146 73 201 115 56
547 74 744 110 INCERTI
765 73 1026 108 AVCTORES.

178 185 213 225 7.
273 184 441 224 hostem
470 185 654 237 tegerest
683 185 854 235 paratus
885 184 926 222 et
956 183 1039 221 stat
1069 181 1158 234 ipse
1188 180 1337 222 nudus.

233 239 325 280 Ter.
359 254 396 280 v.
427 238 550 279 2046.

176 296 213 337 8.
302 295 450 335 urbem
479 297 651 335 tenuem
679 293 828 334 fovent
859 307 987 346 opum
1017 292 1293 347 benignitate.

235 351 327 391 Ter.
359 353 586 404 postquam
616 349 829 390 enarravit
849 349 976 389 etiam
998 349 1183 403 quinque
1204 348 1427 389 trochaeos

148 408 193 447 in
230 409 366 447 metro
407 405 578 447 sotadeo
615 405 791 459 reperiri
821 420 859 445 v.
891 404 1003 445 2044
1033 404 1091 444 sic
1121 405 1279 459 pergit:
1318 403 1426 444 dabo

148 462 378 504 versiculos
404 476 486 516 quo
508 462 587 502 tibi
607 476 674 502 res
694 461 830 514 magis
850 460 1053 513 probetur
1074 460 1251 501 eurbem'
1275 474 1309 500 e.
1333 474 1370 512 q.
1395 474 1426 500 s,

178 519 215 559 9.
276 533 379 558 uvas
408 518 554 558 nitidis
584 517 797 558 frontibus
827 515 982 556 Euhan
1011 515 1176 556 hederis
1206 516 1371 570 inligat.

232 573 488 627 Exemplum
524 573 760 614 tetrametri
789 573 917 613 ionici
948 571 1166 612 acatalecti
1203 572 1325 613 affert
1355 570 1426 611 Vi-

150 631 338 671 ctorinus
368 643 438 684 pg.
475 629 552 670 123
583 629 672 669 sine
702 628 876 669 nomine
907 627 1102 668 auctoris,
1158 626 1306 668 Falsus
1336 627 1427 667 Ati-

151 687 233 726 lius
263 699 333 740 pg.
357 686 439 727 345
471 685 639 726 cuinam
659 685 819 725 tribuat
848 698 937 724 non
967 683 1067 724 satis
1089 685 1265 724 constat.
1315 683 1428 723 Nam

150 741 264 796 quod
302 741 459 796 legitur
497 742 543 781 in
581 740 725 782 codice
754 739 963 781 Vaticano
995 738 1130 792 ‘apud
1160 738 1429 780 Cleomaeum

151 798 391 838 invenitur'
423 800 566 851 aperte
594 799 840 850 corruptum
871 799 945 849 est,
975 798 1024 836 ut
1053 794 1250 835 editionis
1271 794 1428 835 Medio-

150 853 336 894 lanensis
380 853 486 893 illud
524 852 659 906 ‘apud
698 851 742 893 C.
779 851 1007 892 Ienatem’.
1067 851 1156 891 Alii
1194 850 1429 891 Maecenati

150 910 358 962 tribuere3
392 908 463 950 sed
494 912 557 949 est
586 908 699 949 haud
730 908 854 948 dubie
885 910 1035 961 poetae
1066 921 1170 947 saec.
1202 921 1242 947 u,
1275 920 1308 946 c.
1339 905 1390 946 X.

154 968 218 1006 10.
308 980 332 1006 o
365 965 437 1019 qui
468 964 621 1018 chelyn
652 979 850 1005 canoram
881 963 1041 1017 plectro
1072 962 1184 1017 regis
1213 962 1335 1002 Italo.

235 1021 393 1062 Atilius
424 1035 494 1076 pg.
517 1020 600 1061 320
630 1021 703 1061 ubi
724 1023 905 1060 metrum
936 1018 1250 1074 galliambicum
1281 1017 1430 1058 descri-

151 1078 215 1118 bit
254 1080 319 1118 tet
348 1077 419 1118 ille
450 1076 624 1117 alterius
655 1076 857 1117 auctoris:
890 1090 913 1116 o
946 1075 1040 1129 qui'
1074 1089 1109 1115 e.
1142 1089 1181 1128 q.
1214 1089 1243 1114 s.
1302 1073 1430 1114 Hunc

152 1148 321 1174 versum
351 1147 447 1174 cum
468 1135 670 1186 sequente
699 1147 773 1173 cur
792 1131 1006 1173 neoterico
1037 1130 1304 1184 potissimum
1334 1142 1432 1183 poe-

153 1194 221 1230 tae
252 1189 437 1230 tribuam
467 1189 689 1242 apparebit
719 1189 756 1229 ei
779 1189 851 1242 qui
882 1187 1032 1242 legerit
1052 1200 1159 1240 quae
1177 1186 1276 1226 libri
1296 1184 1433 1226 nostri

151 1259 221 1301 pg.
246 1245 327 1286 109
358 1245 468 1286 dicta
498 1247 607 1285 sunt.
639 1270 693 1274 —-
722 1244 787 1285 De
809 1244 1050 1285 coniectura
1069 1257 1162 1283 mea
1183 1242 1302 1282 venit
1327 1240 1434 1281 illud

153 1306 164 1323 ‘
176 1302 289 1356 regis
298 1306 311 1324 ⁹
326 1317 334 1354 3
367 1301 496 1355 vulgo
529 1304 540 1322 ‘
551 1301 660 1355 regit
670 1304 695 1341 '.

156 1359 220 1399 11.
308 1357 459 1398 rutilos
488 1357 626 1398 recide
657 1357 793 1397 crines
823 1356 1099 1408 habitumque
1131 1368 1231 1407 cape
1262 1353 1356 1393 viri.

238 1413 376 1454 Affert
404 1413 652 1466 Diomedes,
690 1412 763 1453 ubi
794 1411 843 1452 de
881 1410 1149 1466 galliambico
1180 1412 1315 1450 metro
1346 1409 1436 1463 agit

154 1483 224 1524 pg.
257 1470 353 1511 514.
415 1469 611 1510 Videnda
649 1483 755 1522 quae
794 1468 880 1508 dixi
920 1466 971 1508 ad
1001 1466 1288 1520 fragmentum
1317 1479 1435 1518 prae-

155 1526 318 1566 cedens.

157 1582 221 1622 12.
268 1581 505 1622 Diomeden
534 1580 659 1621 modo
690 1594 894 1635 magnum
924 1579 1001 1619 dea
1030 1577 1142 1631 fecit,
1174 1577 1250 1618 dea
1279 1576 1379 1617 belli

270 1637 544 1691 dominatrix,
585 1636 778 1691 Phrygas
817 1635 953 1677 omnis
992 1637 1040 1675 ut
1076 1634 1122 1674 in
1160 1633 1286 1674 armis
1316 1646 1435 1685 supe-

959 1692 1084 1731 raret.

268 1750 425 1803 patulis
456 1749 628 1803 agmina
658 1749 816 1802 campis
845 1749 1066 1788 iacuerunt
1096 1745 1192 1785 data
1220 1745 1319 1785 leto.

273 1805 415 1859 pavidi
435 1809 639 1859 tergaque
660 1804 806 1845 dantes
827 1803 1041 1857 petierunt
1060 1801 1247 1855 trepidae
1268 1814 1380 1840 moe—

962 1859 1035 1899 nia
1068 1857 1232 1898 Troiae.

244 1917 524 1958 Terentianus
554 1932 620 1957 vv.
644 1916 753 1957 2056
775 1930 888 1969 sqq.:
920 1915 1190 1968 apelassonos
1212 1915 1353 1953 autem
1373 1926 1436 1951 ra-

157 1974 275 2015 tione
315 1988 398 2027 qua
434 1976 604 2028 regatur
643 1987 738 2013 cum
776 1971 825 2012 de
855 1970 1031 2024 pedibus
1063 1970 1307 2010 dissererem
1337 1967 1437 2008 sat-is

158 2030 335 2084 probavi
367 2027 689 2085 [ioli—1516}
741 2027 822 2069 Sed
853 2027 975 2081 quale
1006 2029 1187 2066 metrum
1218 2023 1439 2065 continuet

159 2100 273 2127 nunc
293 2085 535 2126 referemus.
568 2084 653 2125 dixi
674 2083 911 2125 Diomeden
940 2082 1058 2136 pedis
1079 2082 1205 2122 huius
1234 2094 1323 2121 esse
1352 2079 1437 2120 for-

159 2157 284 2183 mam.
322 2143 368 2182 in
389 2142 573 2182 carmine
595 2141 653 2181 sic
677 2144 742 2181 est
771 2138 1029 2180 ‘Diomeden
1050 2137 1175 2178 modo
1197 2140 1436 2190 magnum’.

163 2197 393 2252 Sequentia
423 2198 556 2238 tribus
587 2196 843 2238 tetrametris
873 2208 1044 2248 unoque
1082 2193 1272 2234 trimetro
1304 2191 1438 2244 dispe-

163 2258 285 2295 scunt
317 2253 556 2307 Santenffis,
581 2252 857 2305 Gaisfordius,
880 2251 1189 2292 Lachmannus.
1229 2250 1290 2289 At
1310 2247 1438 2287 Bent-
