1561 2511
595 68 790 104 FLORVS.
1281 64 1336 106 29

55 183 92 224 3.
139 181 291 222 mulier
320 180 433 221 intra
462 180 608 232 pectus
639 177 777 218 omnis
808 177 915 218 celat
944 176 1062 217 ulcus
1092 176 1314 230 pestilens:

143 237 263 278 dulce
295 236 344 277 de
374 234 502 275 labris
532 233 749 286 locuntur,
781 232 904 274 corde
935 232 1087 273 vivunt
1115 232 1257 273 noxio.

139 293 192 335 V.
227 295 262 334 1.
323 290 496 332 ‘mulier
541 289 655 330 intra
700 291 846 342 pectus
887 288 1047 329 omnis'
1084 288 1332 342 Piersonus,

55 352 67 370 ²
84 364 120 391 o.
143 365 198 391 m.
220 350 246 390 i.
268 353 325 402 p.’
348 362 386 388 v,
416 371 470 376 -
500 346 555 386 ib.
580 349 590 366 ⁹
605 345 744 386 ulcus'
767 344 1036 397 Bouhierius,
1058 344 1219 385 ‘virus'
1243 343 1333 385 cdd.

56 407 94 448 4.
143 406 202 447 sic
232 403 409 458 Apollo,
442 401 591 443 deinde
621 400 749 442 Liber
779 400 838 441 sic
868 400 1035 441 videtur
1064 400 1240 455 ignifer:

141 462 264 503 ambo
296 462 396 500 sunt
425 458 604 499 fiammis
636 457 764 498 creati
794 456 1038 511 prosatique
1070 471 1120 497 ex
1150 456 1333 511 ignibus,

139 517 262 559 ambo
294 515 343 556 de
374 515 495 556 donis
527 514 709 555 calorem
739 513 845 566 vite,
876 512 994 554 raclio
1025 512 1270 565 conferunt,

139 572 276 614 noctis
306 572 375 612 hic
406 571 565 624 rumpit
584 571 799 623 tenebras,
829 569 899 610 hic
920 569 1116 610 tenebras
1137 568 1332 623 pectoris.

138 629 190 671 V.
213 629 239 669 3
271 627 438 669 edonis'
471 626 740 679 Schraderus,
773 625 949 666 ‘comis'
972 640 1010 666 v,
1039 650 1093 656 ——
1122 625 1178 666 ib.
1211 624 1333 677 evite,

54 685 170 726 radio
209 684 456 726 conferunt'
487 683 598 723 idem
628 681 918 736 (‘conferunt'
950 682 1035 722 iam
1065 680 1333 734 Salmasius),

57 742 190 783 evitae
221 741 236 789 (
241 756 322 782 om.
354 740 406 795 T)
439 742 480 780 et
509 754 541 780 r.
575 740 826 779 conserunt'
858 736 936 779 ST.

55 798 93 839 5.
140 797 308 852 quando
339 796 549 850 ponebam
579 794 768 836 novellas
799 794 969 834 arbores
1000 794 1101 834 mali
1132 796 1174 834 et
1203 793 1305 848 piri,

139 854 285 895 cortici
315 866 502 893 summae
532 851 678 892 notavi
708 864 866 891 nomen
896 849 1056 890 ardoris
1087 850 1182 891 mei.

139 910 257 951 nulla
286 910 334 949 fit
363 909 448 949 iam
478 907 627 949 exinde
657 906 754 947 finis
784 906 851 947 vel
883 906 1000 960 quies
1032 905 1263 959 cupidinis:

142 966 293 1007 crescit
313 965 438 1006 arbor
449 997 459 1018 ,
482 964 624 1019 gliscit
644 963 781 1016 ardor,
803 962 968 1003 animus
989 962 1138 1015 implet
1157 962 1333 1003 litteras.

138 1022 191 1063 V.
214 1023 239 1064 3
271 1022 343 1062 ‘fit
362 1021 468 1062 iam'
503 1034 594 1075 ego,
628 1020 724 1060 ‘fit'
757 1034 817 1071 v.3
850 1018 1005 1059 ‘facta’
1028 1017 1332 1069 Baefflensius,

56 1079 182 1120 ‘fuit’
216 1077 471 1120 Schraderus
502 1079 649 1117 contra
680 1075 888 1116 rationem
917 1074 1133 1115 musicam.
1163 1100 1217 1104 —-
1248 1089 1285 1115 v.
1308 1074 1335 1114 4

55 1135 265 1176 ‘animus'
296 1132 621 1186 PeerlcampiUS,
655 1134 841 1171 ‘ramus'
874 1130 986 1183 cdd,
1019 1131 1079 1171 ita
1108 1131 1190 1186 leg.
1224 1131 1334 1171 ‘ani-

54 1206 221 1233 morum
250 1190 335 1230 lib:
353 1193 433 1243 pr.5
464 1203 542 1243 pro
575 1191 798 1229 eaniorum’
832 1187 877 1227 in
906 1186 1101 1228 Parisino
1135 1188 1256 1228 7311.
1279 1212 1334 1216 —

54 1247 250 1301 ‘implet’
282 1246 308 1286 i.
341 1260 376 1286 e.
409 1247 621 1299 eaequat'.

54 1304 92 1345 6.
139 1303 212 1358 qui
242 1301 343 1343 mali
374 1304 493 1355 sunt,
525 1315 613 1342 non
644 1300 760 1341 fuere
791 1300 937 1340 matris
969 1314 1019 1340 ex
1050 1300 1144 1340 alvo
1176 1299 1296 1352 mali,

138 1359 210 1400 secl
240 1358 373 1399 malos
403 1358 567 1399 faciunt
596 1357 805 1397 malorum
834 1356 941 1396 falsa
971 1356 1261 1397 contubernia.

136 1415 189 1456 V.
224 1417 245 1455 1
294 1419 391 1454 ‘ex’
439 1414 507 1455 vel
553 1413 672 1454 ‘abs'
712 1412 936 1466 Pithoeus,
981 1413 1079 1453 ‘ab’
1119 1412 1209 1453 cdd.
1271 1411 1334 1453 Cf.

52 1472 243 1526 Theogn.
274 1485 312 1511 V.
345 1471 439 1524 305,
470 1471 508 1512 6.

55 1530 91 1569 7.
138 1542 289 1582 sperne
310 1541 448 1568 mores
468 1526 795 1578 transmarinos,
828 1525 943 1566 mille
965 1525 1125 1566 habent
1146 1524 1331 1566 offucias.

137 1584 228 1625 cive
258 1583 453 1625 Romano
484 1597 560 1637 per
591 1583 736 1623 orbem
766 1596 891 1623 nenio
923 1581 1029 1622 vivit
1058 1581 1233 1622 rectius:

138 1640 294 1694 quippe
340 1639 485 1680 malim
527 1654 659 1679 unum
691 1637 915 1691 Catonem,
955 1652 1082 1691 quam
1120 1639 1334 1678 trecentos

861 1693 1068 1735 Socratas.

137 1751 190 1794 V.
215 1753 236 1793 1
271 1752 491 1794 ‘offucias'
525 1750 773 1803 Salmasius,
807 1750 992 1791 ‘officia’
1025 1751 1092 1791 vel
1124 1750 1331 1805 *offugia’

57 1807 167 1849 edel:
199 1808 297 1850 fort.
329 1808 542 1849 eoffucia'.
575 1833 629 1838 —
659 1807 714 1848 ib.
746 1808 771 1848 3
803 1806 1046 1848 ‘Socratas’
1080 1807 1205 1859 docti,
1238 1805 1334 1848 tSo-

57 1851 217 1919 grates’
251 1863 291 1918 S,
323 1863 586 1906 tSocreteas’
606 1863 654 1905 T.

54 1922 90 1962 8.
137 1924 225 1962 tam
255 1921 454 1962 malumst
481 1921 636 1961 habere
666 1934 882 1973 nummos,
914 1934 1001 1961 non
1029 1919 1185 1960 habere
1207 1934 1333 1973 quam

863 1976 1081 2029 malumst,

138 2036 226 2075 tam
246 2034 445 2074 malumst
467 2033 618 2074 audere
642 2047 825 2087 semper,
859 2047 986 2087 quam
1008 2032 1209 2073 malumst
1229 2046 1332 2073 sem-

393 2104 395 2106 *
860 2103 936 2143 per
964 2088 1120 2143 pudor,

137 2148 225 2188 tam
245 2146 444 2187 malumst
463 2149 601 2187 tacere
622 2146 822 2199 multum,
855 2160 981 2199 quam
1008 2145 1208 2186 malumst
1227 2144 1333 2185 mul-

861 2205 953 2243 tum
982 2202 1120 2256 loqui,

137 2262 224 2300 tam
235 2259 434 2300 malumst
450 2259 553 2301 foris
564 2259 709 2314 amica,
722 2273 849 2313 quam
864 2259 1065 2300 malumst
1080 2273 1187 2300 uxor
1203 2257 1330 2299 donli.
