1561 2511
625 69 820 105 FLORVS.
1310 65 1362 106 31

83 207 137 213 —-
167 181 223 222 ib.
255 181 280 223 8
311 180 603 221 eexsinuatur'
636 177 878 231 Salmasius,
910 176 962 218 ef.
984 176 1039 217 id.
1071 190 1197 217 earm.
1228 191 1266 217 v.
1289 176 1364 229 293

84 239 383 280 ‘extenuatur'
416 234 456 277 S.
488 260 542 265 —-
572 235 628 275 ib.
660 234 687 275 9
716 234 847 274 ‘cito’
881 232 973 274 add.
1006 231 1133 274 Salm.

611 300 826 342 Eiusdem.

628 356 678 398 de
707 371 816 398 rosa.

85 429 148 470 12.
197 426 286 484 [aut
313 425 395 467 hoe
425 425 520 466 risit
548 426 684 466 Amor
713 426 787 465 aut
813 423 897 464 hoo
927 422 977 464 de
1007 423 1176 476 pectine
1206 423 1336 464 traxit

193 482 416 538 purpureis
447 496 600 523 aurora
630 480 761 522 comis
792 481 866 520 aut
895 479 1085 520 sentibus
1114 478 1253 520 haesit

194 538 344 593 Cypris
376 541 419 579 et
447 538 517 579 hie
547 537 680 591 spinis
710 535 866 578 insedit
895 535 1069 590 sanguis
1100 534 1263 591 acutis]

165 595 218 637 V.
249 596 276 636 2
308 594 581 649 epurporeis’
613 592 653 635 S.

618 659 833 701 Eiusdem.

623 716 672 757 de
702 716 822 757 rosis.

83 786 146 828 13.
197 786 360 842 [hortus
392 786 481 825 erat
501 783 702 837 Veneris,
734 782 866 824 roseis
897 781 1179 823 circumdatus
1208 782 1364 837 herbis,

194 844 338 897 gratus
369 855 470 896 ager
497 839 713 893 dominae,
746 853 871 893 quem
893 839 966 892 qui
987 837 1162 879 vidisset
1191 842 1363 880 amaret.

194 899 293 939 dum
330 911 435 951 puer
463 896 533 937 hie
569 896 727 950 passim
756 897 958 950 properat
988 894 1210 949 decerpere
1239 895 1365 937 flores

195 958 237 995 et
266 954 405 995 velare
436 967 597 1006 comas,
629 953 753 1006 spina
782 951 932 992 libavit
962 953 1086 992 acuta

139 1019 158 1050 5
193 1024 451 1052 marmoreos
473 1009 650 1064 digitos:
681 1023 781 1049 mox
801 1010 850 1048 ut
870 1007 991 1049 dolor
1011 1007 1165 1062 adtigit
1185 1009 1300 1049 artus

195 1067 554 1121 sanguineamque
576 1080 761 1118 manum,
782 1063 912 1105 tinxit
932 1078 1007 1104 sua
1026 1063 1190 1104 lumina
1209 1066 1344 1118 gutta.

193 1122 387 1177 pervenit
407 1121 460 1163 ad
479 1123 658 1162 matrem
678 1120 879 1161 frendens
901 1119 1119 1174 defertque
1142 1120 1363 1174 querellas.

194 1178 326 1220 eunde
356 1192 495 1231 rosae,
526 1180 680 1231 mater,
712 1179 944 1230 coeperunt
974 1190 1063 1217 esse
1093 1176 1327 1218 nocentes?

192 1234 304 1276 unde
334 1234 397 1275 tui
427 1234 552 1275 flores
582 1247 774 1288 pugnare
804 1233 1035 1274 latentibus
1066 1232 1226 1273 armis?

138 1300 180 1330 10
193 1291 306 1332 bella
321 1292 476 1346 gerunt
491 1304 668 1331 meeum.
691 1289 807 1331 floris
818 1289 934 1330 color
951 1291 993 1330 et
1003 1303 1128 1330 eruor
1142 1288 1362 1345 unumst’.]

709 1347 732 1369 a<

573 1379 596 1402 ὲκ
846 1377 868 1400 >k

163 1414 217 1456 V.
239 1415 265 1456 3
296 1415 388 1455 <hio
418 1428 523 1467 puer
551 1413 676 1454 dum'
699 1412 740 1466 S,
770 1427 877 1454 corr.
901 1412 1142 1454 Salmasius
1174 1438 1229 1442 ——
1258 1413 1314 1453 ib.
1338 1413 1363 1454 9

80 1476 318 1526 ‘pugnare'
340 1470 464 1523 idem,
497 1472 738 1525 ‘pugnant'
762 1468 803 1522 S,
836 1471 1057 1524 ‘pungunt
1076 1468 1361 1510 latitantibus’

80 1527 333 1580 Scriverius,
371 1526 470 1567 fort.
504 1528 722 1581 ‘pugnant
751 1525 1056 1566 latitantibus'.
1092 1549 1137 1554 —-
1180 1525 1237 1567 ib.
1271 1528 1362 1580 ege-

78 1586 202 1625 runt'
233 1599 286 1637 V.‚
326 1584 522 1638 ‘gerant'
556 1581 604 1637 S3
643 1584 752 1623 ‘est'
792 1581 905 1636 quod
943 1582 988 1622 in
1027 1581 1168 1622 codice
1205 1581 1363 1637 legitur

79 1643 177 1694 post
206 1639 368 1681 ‘floris'
400 1638 453 1679 ad
491 1639 620 1680 finem
650 1638 775 1679 metri
817 1638 1033 1679 revocavit
1062 1636 1361 1679 Baehrensius.

80 1696 261 1738 Veneris
305 1709 556 1749 responsum
606 1695 758 1736 lacuna
805 1694 1005 1735 haustum
1053 1696 1165 1735 recte
1214 1695 1364 1735 statuit

80 1752 259 1794 Riesius.

163 1808 358 1862 Denique
389 1807 530 1849 addidi
559 1807 799 1863 fragmenta
828 1807 1014 1861 pedestri
1040 1821 1233 1848 sermone
1264 1821 1362 1848 eon-

79 1865 249 1919 scripta,
281 1879 387 1919 quae
417 1865 620 1920 leguntur
650 1863 763 1917 apud
784 1862 1024 1905 Charisium
1053 1877 1154 1919 pgg.
1175 1863 1242 1904 38.
1268 1863 1360 1904 113.

80 1921 153 1975 99,
192 1921 394 1976 quoniam
431 1921 563 1962 videri
600 1922 780 1975 possunt
816 1923 985 1974 sumpta
1015 1934 1065 1960 ex
1095 1919 1361 1974 praefatione

79 1980 326 2033 poematum
347 1976 541 2018 datorum
562 1977 615 2018 ad
634 1977 912 2018 Hadrianum.
945 1975 1054 2018 Sunt
1074 1979 1215 2017 autem
1236 1975 1360 2017 haec:

79 2034 248 2075 Annius
278 2033 430 2075 Florus
467 2033 520 2074 ad
548 2033 708 2075 Divum
737 2033 1003 2074 Hadrianum
1032 2033 1262 2087 ‘poematis
1293 2032 1360 2073 de-

78 2091 235 2132 leetor'
267 2090 336 2146 (ea
364 2090 430 2131 bis
460 2090 660 2145 leguntur
688 2089 835 2145 verba)
867 2092 908 2131 et
944 2104 1092 2144 porro:
1129 2088 1193 2130 Fl.
1225 2088 1277 2130 ad
1307 2088 1360 2130 D.

78 2146 133 2189 H.
167 2147 310 2202 ‘quasi
341 2146 391 2187 de
421 2146 562 2188 Arabe
593 2149 666 2187 aut
696 2145 888 2188 Sarmata
917 2146 1175 2188 manubias’.
