1561 2511
606 74 878 104 PRAEFATIO.
1333 76 1380 105 XI

186 178 240 219 ib.
274 177 356 219 630
384 177 614 229 reportanti
644 175 850 227 Castalio,
881 175 1129 227 reportando
1161 174 1214 228 C,
1245 189 1382 228 repor-

102 236 240 331 tmzcilg.
261 234 353 330 J638
387 287 536 329 Orioni
565 286 609 328 C.
633 312 687 317 -—
708 287 763 327 ib.
786 286 868 327 (343
899 287 990 327 orbi
1019 287 1187 340 scripsi3
1220 289 1314 329 orbe
1346 302 1381 328 v.

187 345 247 398 ΙΙ,
282 344 333 385 12
355 347 485 397 portu
515 342 547 385 C
577 343 636 397 Ε,
668 358 687 384 e
708 346 837 396 portu
862 342 1189 384 Wernsdorfius.

189 402 243 442 ib.
274 401 328 441 42
359 401 468 453 quod
497 399 529 441 C
558 399 608 440 E.

189 458 243 498 ib.
275 457 329 498 56
360 457 465 498 colos
495 456 527 498 C
557 455 607 497 E.

246 751 333 797 DE
379 749 683 797 METRICA
729 749 912 795 ARTE
960 749 1243 798 RVTILH.

183 849 334 890 Rutilii
374 849 541 890 numeri
585 851 705 889 tanta
749 863 844 889 oum
890 862 990 889 eura
1033 851 1132 889 sunt
1171 849 1383 902 perpoliti,

102 909 146 947 ut
182 907 294 946 inter
329 905 715 959 praestantissimos
747 904 1037 945 Romanorum
1076 906 1384 946 versificatores

100 963 249 1003 merito
281 962 499 1002 habeatur.
548 961 660 1002 Illud
690 961 827 1001 solum
858 961 1063 1014 culparim
1095 961 1208 1014 quod
1239 976 1383 1002 versus

100 1018 187 1058 eius
230 1018 374 1071 paullo
418 1017 552 1071 magis
598 1032 724 1071 quam
768 1017 886 1057 decet
930 1019 1099 1070 poetam
1145 1017 1379 1071 elegiacum

99 1074 458 1127 σποι)ὀ“ειάζουσι;
505 1088 603 1114 nam
646 1077 687 1113 et
725 1073 874 1126 quinto
914 1073 1148 1113 hexametri
1186 1074 1280 1114 loco
1318 1074 1383 1114 bis

99 1130 226 1170 habet
256 1129 491 1183 spondeum
522 1132 564 1170 et
593 1129 759 1182 saepius
789 1129 926 1182 primo
955 1129 1141 1170 eiusdem
1162 1144 1383 1171 mensurae

100 1186 353 1227 vocabulum
385 1186 637 1240 disyllabum
668 1185 859 1226 oolloeat.

184 1241 461 1283 caesurarum
505 1244 672 1296 praeter
714 1241 1072 1295 penthemimerin
1117 1256 1206 1282 non
1255 1242 1384 1283 habet

98 1298 179 1338 nisi
217 1298 294 1339 has

153 1578 496 1632 Aeternumltibi
528 1578 700 1620 Rhenus
729 1578 924 1622 aretitibi
954 1577 1079 1619 Nilus
1110 1578 1300 1620 inundet.

153 1634 251 1675 inde
282 1634 555 1675 Triturrtsstam
585 1634 871 1687 petimus.lsio
902 1634 1003 1675 villa
1033 1637 1220 1676 vocatur.

154 1693 251 1731 ante
283 1690 510 1745 diulquam
540 1690 1006 1745 Troiugenasssfortuna
1033 1694 1221 1744 penates.

182 1746 247 1787 Ex
290 1746 357 1787 his
401 1746 587 1800 primum
631 1760 765 1801 genus
809 1747 1019 1800 reperitur
1063 1747 1265 1801 exemplis
1306 1747 1380 1801 IX,

99 1802 278 1843 alterum
307 1802 429 1856 XVI,
467 1803 641 1844 tertium
671 1803 768 1844 Vll.
829 1802 1026 1844 Ceterum
1056 1817 1290 1857 numquam
1320 1805 1381 1845 in-

101 1858 202 1899 cisio
234 1859 279 1899 in
308 1860 642 1913 praepositiones
672 1859 760 1900 sive
790 1859 1112 1900 coniunctiones
1143 1860 1304 1901 incidit.

181 1914 272 1955 Iam
316 1917 520 1969 quantum
567 1915 620 1956 ad
657 1915 848 1970 rythmos
887 1916 1071 1969 primum
1107 1916 1379 1970 monendum,

99 1970 211 2024 quod
232 1973 380 2024 quater
402 1970 448 2034 [1,
470 1972 564 2013 585.
596 1972 650 2025 ΙΙ,
672 1972 738 2013 33.
770 1972 918 2025 1,239.
951 1971 1047 2035 637]
1070 1972 1243 2013 ultimos
1277 1972 1380 2014 duos

99 2026 258 2068 heroici
296 2029 420 2068 metri
457 2028 583 2081 pedes
620 2005 903 2082 tetrasyllabis
942 2042 1029 2069 Sive
1077 2029 1381 2082 pentasyllabis

98 2083 314 2124 vocabulis
351 2084 560 2137 continet3
599 2084 645 2125 in
685 2084 859 2139 elegiaci
888 2085 972 2125 fine
1002 2084 1221 2138 trisyllaba
1250 2085 1379 2126 habes

99 2141 163 2179 ter
195 2138 248 2195 [1,
283 2139 373 2180 160.
405 2139 499 2181 328.
530 2139 648 2197 526],
680 2140 953 2195 tetrasyllaba
973 2141 1120 2182 novies
1143 2140 1189 2197 [L
1212 2141 1278 2182 56.
1311 2142 1377 2183 82.

101 2195 191 2236 124.
224 2196 318 2237 382.
356 2195 451 2237 564.
489 2197 584 2238 572.
623 2197 719 2238 608.
765 2197 827 2251 ΙΙ,
859 2196 925 2238 22.
956 2196 1047 2253 42],
1086 2197 1380 2251 pentasyllaba

97 2251 162 2291 bis
185 2250 231 2307 [1,
253 2252 346 2293 306.
375 2251 473 2308 472]
494 2267 572 2294 nec
601 2253 735 2294 rarius
764 2253 1058 2307 heptasyllaba
1080 2252 1126 2309 [1,
1147 2253 1243 2294 450
1265 2253 1375 2310 628]
