1561 2511
179 53 233 94 14
673 55 948 90 NAMATIANI

264 166 344 205 Ast
373 164 446 204 ubi
476 163 703 218 flagrantes
734 163 921 204 admovit
952 161 1084 204 Sirius
1115 163 1254 217 ignes,

176 228 243 260 480
323 219 429 262 Cum
458 219 621 273 pallent
650 220 825 272 herbae,
858 234 952 259 cum
983 219 1072 259 sitit
1102 219 1238 260 omnis
1269 233 1388 274 ager:

263 275 371 316 Tum
402 278 705 316 cataracta-rum
736 275 928 316 claustris
959 275 1193 315 excluditur
1222 289 1399 329 aequor,

321 331 382 372 Vt
411 332 517 372 fixos
547 332 692 372 latices
722 330 882 372 torrida
913 331 1034 371 duret
1061 330 1226 371 humus.

263 387 524 441 Concipiunt
554 402 692 428 acrem
721 387 867 427 nativa
897 386 1074 440 coagula
1102 386 1342 441 Phoebum,

316 443 375 484 Et
405 444 545 497 gravis
576 443 735 484 aestivo
767 446 905 483 crusta
935 442 1072 483 calore
1103 443 1206 496 coit3

175 507 240 539 485
260 499 386 541 Haud
407 499 530 540 aliter
547 514 674 553 quam
698 513 793 539 cum
814 499 947 553 glacie
968 498 1079 552 riget
1098 498 1292 539 horridus
1311 498 1459 540 Hister

316 555 586 608 Grandiaque
617 554 816 595 adstricto
849 554 1022 594 flumine
1052 554 1240 607 plaustra
1268 555 1396 596 vehit.

258 611 453 652 Rimetur
483 611 631 652 solitus
662 613 836 651 naturae
868 609 1102 663 expendere
1133 624 1295 664 causas,

315 667 450 720 Inque
480 667 572 720 pari
604 667 745 720 dispar
773 666 924 707 fomite
956 668 1131 719 quaerat
1161 680 1285 719 opus:

261 723 420 764 Vincta
450 723 609 764 fluenta
639 722 737 777 gelu
768 724 971 775 concepto
1003 722 1090 762 sole
1120 721 1376 776 liquescunt,

173 788 238 818 490
314 779 371 820 Et
401 794 544 820 rursus
574 779 758 832 liquidae
789 779 876 819 sole
907 778 1103 833 gelantur
1133 792 1277 832 aquae.

259 834 314 887 O,
346 850 472 889 quam
503 849 625 888 saepe
655 835 776 875 malis
808 836 1034 888 generatur
1071 834 1189 888 origo
1220 834 1450 876 bonorum!

313 891 556 944 Tempestas
587 890 750 931 dulcem
780 890 882 931 fecit
912 905 1053 930 amara
1082 904 1262 930 moram:

256 947 502 988 Victorinus
534 947 646 988 enim
662 980 672 999 ,
702 949 871 987 nostrae
902 961 998 1000 pars
1028 946 1210 986 maxima
1239 946 1416 1000 mentis,

314 1003 553 1058 Congressu
585 1003 770 1056 explevit
799 1006 947 1043 mutua
974 1005 1073 1042 vota
1104 1016 1192 1043 suo.

172 1068 237 1098 495
258 1059 484 1100 Errantem
514 1058 661 1099 Tuscis
691 1058 907 1100 considere
939 1058 1143 1111 compulit
1173 1058 1284 1112 agris

313 1116 371 1157 Et
401 1116 537 1156 colere
570 1118 766 1156 externos
797 1118 919 1168 capta
949 1114 1105 1155 Tolosa
1133 1114 1252 1154 lares.

255 1171 344 1213 Nec
374 1174 541 1212 tantum
572 1171 686 1212 duris
716 1171 846 1211 nituit
876 1170 1083 1224 sapientia
1112 1170 1255 1211 rebus:

318 1228 494 1269 Pectore
525 1241 614 1267 non
644 1227 726 1268 alio
758 1227 1027 1280 prosperiora
1055 1225 1165 1267 tulit.

256 1283 459 1325 Conscius
491 1282 681 1324 Oceanus
714 1283 939 1335 virtutum,
972 1282 1139 1323 conscia
1169 1281 1322 1335 Thyle,

172 1349 237 1379 500
314 1340 372 1381 Et
402 1354 691 1394 quaecumque
720 1340 841 1380 ferox
872 1354 971 1379 arva
1001 1337 1233 1378 Britannus
1265 1340 1373 1378 arat:

259 1396 349 1444 Qua
379 1396 691 1450 praefectorum
722 1395 884 1436 vicibus
915 1395 1080 1434 frenata
1109 1395 1295 1447 potestas

316 1453 575 1506 Perpetuum
605 1452 751 1506 magni
781 1451 930 1492 faenus
962 1450 1116 1491 amoris
1146 1449 1285 1490 habet.

257 1509 508 1549 Extremum
537 1523 635 1561 pars
665 1508 739 1548 illa
769 1506 939 1561 quidem
970 1505 1157 1547 discessit
1186 1506 1231 1546 in
1263 1505 1425 1558 orbem,

319 1564 401 1606 Sed
430 1568 646 1618 tamquam
677 1563 815 1605 media
845 1566 983 1604 rector
1012 1563 1057 1603 in
1088 1562 1190 1602 urbe
1221 1562 1313 1602 tuit.

173 1629 239 1660 505
261 1620 363 1661 Plus
394 1621 599 1674 palmaest
628 1620 725 1661 illos
756 1620 868 1660 inter
898 1619 1080 1660 voluisse
1110 1618 1294 1671 placere,

311 1676 430 1718 Inter
461 1691 566 1730 quos
597 1676 737 1717 minor
769 1678 831 1717 est
861 1675 1121 1728 displicuisse
1152 1673 1300 1727 pudor.

257 1733 441 1774 Illustris
470 1747 607 1786 nuper
637 1746 777 1772 sacrae
809 1745 947 1772 comes
978 1730 1143 1770 additus
1174 1729 1293 1770 aulae

314 1788 582 1842 Contempsit
611 1802 797 1828 summos
828 1787 936 1827 ruris
967 1800 1109 1827 amore
1140 1784 1305 1839 gradus.

255 1845 382 1886 Hunc
413 1858 491 1899 ego
523 1844 767 1898 complexus
797 1846 1022 1884 ventorum
1052 1841 1226 1882 adversa
1254 1840 1407 1894 fefelli,

172 1910 239 1940 510
316 1896 430 1942 Dum
459 1900 605 1942 videor
635 1900 797 1953 patriae
828 1899 913 1940 iam
942 1898 1047 1939 mihi
1078 1900 1196 1951 parte
1226 1897 1322 1938 frui.

255 1957 391 1998 Lutea
420 1957 656 2010 protulerat
686 1956 811 1996 sudos
843 1970 994 1996 aurora
1023 1954 1205 2008 iugales:

312 2015 549 2054 Antemnas
579 2012 697 2053 tendi
728 2012 884 2053 littoris
914 2025 1016 2052 aura
1048 2010 1176 2051 iubet.

253 2070 511 2110 Inconcussa
539 2068 659 2109 vehit
689 2068 944 2122 tranquillus
975 2066 1179 2120 aplustria
1208 2065 1350 2117 flatus,

310 2125 460 2167 Mollia
490 2139 635 2165 securo
668 2124 761 2164 vela
790 2124 967 2164 rudente
996 2124 1198 2163 tremunt.

172 2191 236 2221 515
259 2181 465 2236 Adsurgit
494 2181 617 2235 ponti
647 2180 786 2221 medio
818 2179 1061 2221 circumflua
1092 2178 1268 2232 Gorgon

311 2238 428 2279 Inter
458 2237 660 2279 Pisanum
693 2235 1029 2291 Cyrnaicumque
1059 2235 1182 2275 latus.
