<?xml version="1.0" encoding="UTF-8"?>
<!DOCTYPE html PUBLIC "-//W3C//DTD XHTML 1.0 Transitional//EN"
    "http://www.w3.org/TR/xhtml1/DTD/xhtml1-transitional.dtd">
<html xmlns="http://www.w3.org/1999/xhtml" xml:lang="en" lang="en">
 <head>
  <title>
</title>
<meta http-equiv="Content-Type" content="text/html;charset=utf-8" />
  <meta name='ocr-system' content='tesseract 3.04.00' />
  <meta name='ocr-capabilities' content='ocr_page ocr_carea ocr_par ocr_line ocrx_word'/>
</head>
<body>
  <div class='ocr_page' id='page_1' title='image "./dereditusuolibri00rutiuoft_0020.png"; bbox 0 0 1561 2511; ppageno 0'>
   <div class='ocr_carea' id='block_1_1' title="bbox 154 62 924 101">
    <p class='ocr_par' dir='ltr' id='par_1_1' title="bbox 154 62 924 101">
     <span class='ocr_line' id='line_1_1' title="bbox 154 62 924 101; baseline -0.006 0"><span class='ocrx_word' id='word_1_1' title='bbox 154 62 183 101; x_wconf 85' lang='lat'>4</span> <span class='ocrx_word' id='word_1_2' title='bbox 647 62 924 97; x_wconf 68' lang='lat' dir='ltr'>NAMATIANI</span> 
     </span>
    </p>
   </div>
   <div class='ocr_carea' id='block_1_2' title="bbox 160 169 1442 2301">
    <p class='ocr_par' dir='ltr' id='par_1_2' title="bbox 160 169 1442 840">
     <span class='ocr_line' id='line_1_2' title="bbox 241 169 1312 224; baseline -0.001 -12"><span class='ocrx_word' id='word_1_3' title='bbox 241 171 332 212; x_wconf 90' lang='lat' dir='ltr'>Hos</span> <span class='ocrx_word' id='word_1_4' title='bbox 361 171 507 224; x_wconf 89' lang='lat' dir='ltr'>potius</span> <span class='ocrx_word' id='word_1_5' title='bbox 538 169 650 211; x_wconf 87' lang='lat' dir='ltr'>dicas</span> <span class='ocrx_word' id='word_1_6' title='bbox 680 170 858 211; x_wconf 81' lang='lat' dir='ltr'>crevisse</span> <span class='ocrx_word' id='word_1_7' title='bbox 888 171 934 211; x_wconf 89' lang='lat' dir='ltr'>in</span> <span class='ocrx_word' id='word_1_8' title='bbox 963 171 1099 212; x_wconf 90' lang='lat' dir='ltr'>sidera</span> <span class='ocrx_word' id='word_1_9' title='bbox 1128 174 1312 224; x_wconf 76' lang='lat' dir='ltr'>montes;</span> 
     </span>
     <span class='ocr_line' id='line_1_3' title="bbox 160 225 1210 282; baseline 0.001 -15"><span class='ocrx_word' id='word_1_10' title='bbox 160 237 226 267; x_wconf 81' lang='grc'>100</span> <span class='ocrx_word' id='word_1_11' title='bbox 305 227 406 268; x_wconf 84' lang='lat' dir='ltr'>Tale</span> <span class='ocrx_word' id='word_1_12' title='bbox 435 226 684 282; x_wconf 83' lang='lat' dir='ltr'>giganteum</span> <span class='ocrx_word' id='word_1_13' title='bbox 715 225 891 267; x_wconf 79' lang='lat' dir='ltr'>Graecia</span> <span class='ocrx_word' id='word_1_14' title='bbox 919 226 1063 268; x_wconf 88' lang='lat' dir='ltr'>laudet</span> <span class='ocrx_word' id='word_1_15' title='bbox 1093 241 1210 281; x_wconf 79' lang='lat' dir='ltr'>opus,</span> 
     </span>
     <span class='ocr_line' id='line_1_4' title="bbox 242 281 1256 337; baseline 0 -13"><span class='ocrx_word' id='word_1_16' title='bbox 242 283 485 337; x_wconf 74' lang='lat' dir='ltr'>Intercepta</span> <span class='ocrx_word' id='word_1_17' title='bbox 513 282 599 323; x_wconf 89' lang='lat' dir='ltr'>tuis</span> <span class='ocrx_word' id='word_1_18' title='bbox 630 281 871 324; x_wconf 87' lang='lat' dir='ltr'>conduntur</span> <span class='ocrx_word' id='word_1_19' title='bbox 899 282 1075 324; x_wconf 87' lang='lat' dir='ltr'>flumina</span> <span class='ocrx_word' id='word_1_20' title='bbox 1103 283 1256 337; x_wconf 73' lang='lat' dir='ltr'>muris3</span> 
     </span>
     <span class='ocr_line' id='line_1_5' title="bbox 300 338 1203 381; baseline -0.001 0"><span class='ocrx_word' id='word_1_21' title='bbox 300 338 568 381; x_wconf 84' lang='lat' dir='ltr'>Consumunt</span> <span class='ocrx_word' id='word_1_22' title='bbox 596 341 710 379; x_wconf 87' lang='lat' dir='ltr'>totos</span> <span class='ocrx_word' id='word_1_23' title='bbox 740 338 851 379; x_wconf 88' lang='lat' dir='ltr'>celsa</span> <span class='ocrx_word' id='word_1_24' title='bbox 879 338 1047 379; x_wconf 86' lang='lat' dir='ltr'>lavacra</span> <span class='ocrx_word' id='word_1_25' title='bbox 1074 339 1203 380; x_wconf 87' lang='lat' dir='ltr'>lacus.</span> 
     </span>
     <span class='ocr_line' id='line_1_6' title="bbox 243 394 1442 448; baseline -0.002 -11"><span class='ocrx_word' id='word_1_26' title='bbox 243 394 334 437; x_wconf 80' lang='lat' dir='ltr'>Nec</span> <span class='ocrx_word' id='word_1_27' title='bbox 363 395 503 436; x_wconf 89' lang='lat' dir='ltr'>minus</span> <span class='ocrx_word' id='word_1_28' title='bbox 544 396 586 435; x_wconf 88' lang='lat' dir='ltr'>et</span> <span class='ocrx_word' id='word_1_29' title='bbox 622 394 806 448; x_wconf 89' lang='lat' dir='ltr'>propriis</span> <span class='ocrx_word' id='word_1_30' title='bbox 836 394 1102 435; x_wconf 72' lang='lat' dir='ltr'>celebrantur</span> <span class='ocrx_word' id='word_1_31' title='bbox 1130 395 1294 437; x_wconf 87' lang='lat' dir='ltr'>roscida</span> <span class='ocrx_word' id='word_1_32' title='bbox 1324 396 1442 435; x_wconf 83' lang='lat' dir='ltr'>venis</span> 
     </span>
     <span class='ocr_line' id='line_1_7' title="bbox 299 450 1210 505; baseline 0 -12"><span class='ocrx_word' id='word_1_33' title='bbox 299 451 491 505; x_wconf 86' lang='lat' dir='ltr'>Lotaque</span> <span class='ocrx_word' id='word_1_34' title='bbox 521 450 667 491; x_wconf 88' lang='lat' dir='ltr'>nativo</span> <span class='ocrx_word' id='word_1_35' title='bbox 697 450 867 491; x_wconf 89' lang='lat' dir='ltr'>moenia</span> <span class='ocrx_word' id='word_1_36' title='bbox 895 450 1015 491; x_wconf 86' lang='lat' dir='ltr'>fonte</span> <span class='ocrx_word' id='word_1_37' title='bbox 1046 454 1210 493; x_wconf 85' lang='lat' dir='ltr'>sonant.</span> 
     </span>
     <span class='ocr_line' id='line_1_8' title="bbox 161 505 1376 562; baseline 0 -15"><span class='ocrx_word' id='word_1_38' title='bbox 161 517 223 547; x_wconf 92' lang='lat'>105</span> <span class='ocrx_word' id='word_1_39' title='bbox 245 507 442 562; x_wconf 82' lang='lat' dir='ltr'>Frigidus</span> <span class='ocrx_word' id='word_1_40' title='bbox 473 506 652 547; x_wconf 85' lang='lat' dir='ltr'>aestivas</span> <span class='ocrx_word' id='word_1_41' title='bbox 681 505 782 547; x_wconf 85' lang='lat' dir='ltr'>hinc</span> <span class='ocrx_word' id='word_1_42' title='bbox 811 509 1019 559; x_wconf 73' lang='lat' dir='ltr'>temperat</span> <span class='ocrx_word' id='word_1_43' title='bbox 1048 507 1204 548; x_wconf 86' lang='lat' dir='ltr'>halitus</span> <span class='ocrx_word' id='word_1_44' title='bbox 1235 521 1376 560; x_wconf 63' lang='lat' dir='ltr'>auras·⁷</span> 
     </span>
     <span class='ocr_line' id='line_1_9' title="bbox 303 562 1240 615; baseline 0 -11"><span class='ocrx_word' id='word_1_45' title='bbox 303 564 623 615; x_wconf 83' lang='lat' dir='ltr'>Innocuamque</span> <span class='ocrx_word' id='word_1_46' title='bbox 653 562 768 603; x_wconf 81' lang='lat' dir='ltr'>levat</span> <span class='ocrx_word' id='word_1_47' title='bbox 796 562 943 615; x_wconf 79' lang='lat' dir='ltr'>purior</span> <span class='ocrx_word' id='word_1_48' title='bbox 972 562 1086 602; x_wconf 88' lang='lat' dir='ltr'>unda</span> <span class='ocrx_word' id='word_1_49' title='bbox 1115 563 1240 604; x_wconf 91' lang='lat' dir='ltr'>sitim.</span> 
     </span>
     <span class='ocr_line' id='line_1_10' title="bbox 245 617 1392 673; baseline 0 -13"><span class='ocrx_word' id='word_1_50' title='bbox 245 619 410 673; x_wconf 77' lang='lat' dir='ltr'>Nempe</span> <span class='ocrx_word' id='word_1_51' title='bbox 439 618 521 660; x_wconf 91' lang='lat' dir='ltr'>tibi</span> <span class='ocrx_word' id='word_1_52' title='bbox 551 618 714 658; x_wconf 85' lang='lat' dir='ltr'>subitus</span> <span class='ocrx_word' id='word_1_53' title='bbox 745 617 975 658; x_wconf 82' lang='lat' dir='ltr'>calidarum</span> <span class='ocrx_word' id='word_1_54' title='bbox 1005 632 1159 673; x_wconf 78' lang='lat' dir='ltr'>gurges</span> <span class='ocrx_word' id='word_1_55' title='bbox 1189 633 1392 673; x_wconf 89' lang='lat' dir='ltr'>aquarum</span> 
     </span>
     <span class='ocr_line' id='line_1_11' title="bbox 302 673 1198 729; baseline -0.001 -13"><span class='ocrx_word' id='word_1_56' title='bbox 302 675 438 729; x_wconf 86' lang='lat' dir='ltr'>Rupit</span> <span class='ocrx_word' id='word_1_57' title='bbox 467 673 666 727; x_wconf 87' lang='lat' dir='ltr'>Tarpeias</span> <span class='ocrx_word' id='word_1_58' title='bbox 697 674 819 715; x_wconf 82' lang='lat' dir='ltr'>hoste</span> <span class='ocrx_word' id='word_1_59' title='bbox 848 677 1066 728; x_wconf 73' lang='lat' dir='ltr'>premente</span> <span class='ocrx_word' id='word_1_60' title='bbox 1097 675 1198 715; x_wconf 82' lang='lat' dir='ltr'>vias.</span> 
     </span>
     <span class='ocr_line' id='line_1_12' title="bbox 247 729 1301 784; baseline -0.002 -11"><span class='ocrx_word' id='word_1_61' title='bbox 247 731 291 773; x_wconf 77' lang='lat' dir='ltr'>Si</span> <span class='ocrx_word' id='word_1_62' title='bbox 321 731 434 772; x_wconf 80' lang='lat' dir='ltr'>foret</span> <span class='ocrx_word' id='word_1_63' title='bbox 463 732 678 783; x_wconf 79' lang='lat' dir='ltr'>aeternus,</span> <span class='ocrx_word' id='word_1_64' title='bbox 711 744 852 771; x_wconf 84' lang='lat' dir='ltr'>casum</span> <span class='ocrx_word' id='word_1_65' title='bbox 882 729 1060 771; x_wconf 86' lang='lat' dir='ltr'>fortasse</span> <span class='ocrx_word' id='word_1_66' title='bbox 1090 733 1301 784; x_wconf 89' lang='lat' dir='ltr'>putarem:</span> 
     </span>
     <span class='ocr_line' id='line_1_13' title="bbox 164 785 1128 840; baseline 0 -13"><span class='ocrx_word' id='word_1_67' title='bbox 164 798 227 827; x_wconf 82' lang='grc'>110</span> <span class='ocrx_word' id='word_1_68' title='bbox 305 787 479 828; x_wconf 80' lang='lat' dir='ltr'>Auxilio</span> <span class='ocrx_word' id='word_1_69' title='bbox 509 786 652 839; x_wconf 81' lang='lat' dir='ltr'>fiuxit,</span> <span class='ocrx_word' id='word_1_70' title='bbox 685 786 758 840; x_wconf 88' lang='lat' dir='ltr'>qui</span> <span class='ocrx_word' id='word_1_71' title='bbox 787 785 998 827; x_wconf 86' lang='lat' dir='ltr'>rediturus</span> <span class='ocrx_word' id='word_1_72' title='bbox 1028 789 1128 827; x_wconf 88' lang='lat' dir='ltr'>erat.</span> 
     </span>
    </p>

    <p class='ocr_par' dir='ltr' id='par_1_3' title="bbox 247 842 1313 1065">
     <span class='ocr_line' id='line_1_14' title="bbox 251 842 1313 896; baseline -0.001 -12"><span class='ocrx_word' id='word_1_73' title='bbox 251 842 361 892; x_wconf 87' lang='lat' dir='ltr'>Quid</span> <span class='ocrx_word' id='word_1_74' title='bbox 389 843 540 896; x_wconf 84' lang='lat' dir='ltr'>loquar</span> <span class='ocrx_word' id='word_1_75' title='bbox 569 842 753 883; x_wconf 84' lang='lat' dir='ltr'>inclusas</span> <span class='ocrx_word' id='word_1_76' title='bbox 782 843 895 883; x_wconf 88' lang='lat' dir='ltr'>inter</span> <span class='ocrx_word' id='word_1_77' title='bbox 923 842 1139 896; x_wconf 82' lang='lat' dir='ltr'>laquearia</span> <span class='ocrx_word' id='word_1_78' title='bbox 1168 843 1313 896; x_wconf 63' lang='lat' dir='ltr'>silvas,</span> 
     </span>
     <span class='ocr_line' id='line_1_15' title="bbox 302 898 1257 951; baseline -0.002 -10"><span class='ocrx_word' id='word_1_79' title='bbox 302 899 497 941; x_wconf 89' lang='lat' dir='ltr'>Vernula</span> <span class='ocrx_word' id='word_1_80' title='bbox 526 912 610 951; x_wconf 86' lang='lat' dir='ltr'>qua</span> <span class='ocrx_word' id='word_1_81' title='bbox 638 898 756 939; x_wconf 80' lang='lat' dir='ltr'>vario</span> <span class='ocrx_word' id='word_1_82' title='bbox 787 898 972 940; x_wconf 81' lang='lat' dir='ltr'>carmine</span> <span class='ocrx_word' id='word_1_83' title='bbox 1001 898 1110 940; x_wconf 89' lang='lat' dir='ltr'>ludit</span> <span class='ocrx_word' id='word_1_84' title='bbox 1139 899 1257 939; x_wconf 69' lang='lat' dir='ltr'>avis?</span> 
     </span>
     <span class='ocr_line' id='line_1_16' title="bbox 247 953 1302 1008; baseline -0.003 -11"><span class='ocrx_word' id='word_1_85' title='bbox 247 955 359 997; x_wconf 82' lang='lat' dir='ltr'>Vere</span> <span class='ocrx_word' id='word_1_86' title='bbox 388 958 463 996; x_wconf 87' lang='lat' dir='ltr'>tuo</span> <span class='ocrx_word' id='word_1_87' title='bbox 494 969 726 1008; x_wconf 86' lang='lat' dir='ltr'>numquam</span> <span class='ocrx_word' id='word_1_88' title='bbox 757 954 933 996; x_wconf 87' lang='lat' dir='ltr'>mulceri</span> <span class='ocrx_word' id='word_1_89' title='bbox 963 953 1118 996; x_wconf 75' lang='lat' dir='ltr'>desinit</span> <span class='ocrx_word' id='word_1_90' title='bbox 1147 969 1302 1008; x_wconf 74' lang='lat' dir='ltr'>annus3</span> 
     </span>
     <span class='ocr_line' id='line_1_17' title="bbox 302 1010 1187 1065; baseline -0.001 -13"><span class='ocrx_word' id='word_1_91' title='bbox 302 1011 572 1065; x_wconf 83' lang='lat' dir='ltr'>Deliciasque</span> <span class='ocrx_word' id='word_1_92' title='bbox 601 1013 696 1051; x_wconf 89' lang='lat' dir='ltr'>tuas</span> <span class='ocrx_word' id='word_1_93' title='bbox 727 1010 840 1051; x_wconf 80' lang='lat' dir='ltr'>victa</span> <span class='ocrx_word' id='word_1_94' title='bbox 867 1013 1012 1052; x_wconf 84' lang='lat' dir='ltr'>tuetur</span> <span class='ocrx_word' id='word_1_95' title='bbox 1039 1010 1187 1052; x_wconf 88' lang='lat' dir='ltr'>hiems.</span> 
     </span>
    </p>

    <p class='ocr_par' dir='ltr' id='par_1_4' title="bbox 165 1065 1393 2301">
     <span class='ocr_line' id='line_1_18' title="bbox 165 1065 1217 1122; baseline -0.001 -15"><span class='ocrx_word' id='word_1_96' title='bbox 165 1078 226 1107; x_wconf 87' lang='lat'>115</span> <span class='ocrx_word' id='word_1_97' title='bbox 247 1068 378 1122; x_wconf 82' lang='lat' dir='ltr'>Erige</span> <span class='ocrx_word' id='word_1_98' title='bbox 408 1065 587 1109; x_wconf 82' lang='lat' dir='ltr'>crinales</span> <span class='ocrx_word' id='word_1_99' title='bbox 616 1067 758 1108; x_wconf 89' lang='lat' dir='ltr'>lauros</span> <span class='ocrx_word' id='word_1_100' title='bbox 788 1067 1035 1120; x_wconf 87' lang='lat' dir='ltr'>seniumque</span> <span class='ocrx_word' id='word_1_101' title='bbox 1066 1066 1217 1108; x_wconf 87' lang='lat' dir='ltr'>sacrati</span> 
     </span>
     <span class='ocr_line' id='line_1_19' title="bbox 305 1122 1331 1178; baseline -0.003 -12"><span class='ocrx_word' id='word_1_102' title='bbox 305 1123 491 1166; x_wconf 88' lang='lat' dir='ltr'>Verticis</span> <span class='ocrx_word' id='word_1_103' title='bbox 521 1122 568 1164; x_wconf 88' lang='lat' dir='ltr'>in</span> <span class='ocrx_word' id='word_1_104' title='bbox 597 1123 770 1176; x_wconf 79' lang='lat' dir='ltr'>virides,</span> <span class='ocrx_word' id='word_1_105' title='bbox 802 1122 958 1174; x_wconf 71' lang='lat' dir='ltr'>Roma,</span> <span class='ocrx_word' id='word_1_106' title='bbox 990 1123 1150 1178; x_wconf 84' lang='lat' dir='ltr'>refinge</span> <span class='ocrx_word' id='word_1_107' title='bbox 1180 1137 1331 1163; x_wconf 78' lang='lat' dir='ltr'>comas,</span> 
     </span>
     <span class='ocr_line' id='line_1_20' title="bbox 249 1178 1252 1235; baseline -0.003 -13"><span class='ocrx_word' id='word_1_108' title='bbox 249 1181 395 1222; x_wconf 86' lang='lat' dir='ltr'>Aurea</span> <span class='ocrx_word' id='word_1_109' title='bbox 422 1178 633 1235; x_wconf 82' lang='lat' dir='ltr'>turrigero</span> <span class='ocrx_word' id='word_1_110' title='bbox 664 1179 830 1220; x_wconf 86' lang='lat' dir='ltr'>radient</span> <span class='ocrx_word' id='word_1_111' title='bbox 860 1178 1095 1220; x_wconf 77' lang='lat' dir='ltr'>diademata</span> <span class='ocrx_word' id='word_1_112' title='bbox 1125 1193 1232 1219; x_wconf 88' lang='lat' dir='ltr'>cono</span> <span class='ocrx_word' id='word_1_113' title='bbox 1241 1212 1252 1232; x_wconf 66' lang='lat'><em>7</em></span> 
     </span>
     <span class='ocr_line' id='line_1_21' title="bbox 308 1236 1305 1291; baseline -0.003 -13"><span class='ocrx_word' id='word_1_114' title='bbox 308 1237 630 1291; x_wconf 88' lang='lat' dir='ltr'>Perpetuosque</span> <span class='ocrx_word' id='word_1_115' title='bbox 661 1236 781 1290; x_wconf 83' lang='lat' dir='ltr'>ignes</span> <span class='ocrx_word' id='word_1_116' title='bbox 812 1249 961 1276; x_wconf 89' lang='lat' dir='ltr'>aureus</span> <span class='ocrx_word' id='word_1_117' title='bbox 992 1236 1120 1276; x_wconf 88' lang='lat' dir='ltr'>umbo</span> <span class='ocrx_word' id='word_1_118' title='bbox 1151 1238 1305 1276; x_wconf 84' lang='lat' dir='ltr'>vomat.</span> 
     </span>
     <span class='ocr_line' id='line_1_22' title="bbox 250 1291 1237 1334; baseline -0.003 0"><span class='ocrx_word' id='word_1_119' title='bbox 250 1292 499 1334; x_wconf 86' lang='lat' dir='ltr'>Abscondat</span> <span class='ocrx_word' id='word_1_120' title='bbox 528 1293 694 1333; x_wconf 81' lang='lat' dir='ltr'>tristem</span> <span class='ocrx_word' id='word_1_121' title='bbox 725 1291 861 1332; x_wconf 87' lang='lat' dir='ltr'>deleta</span> <span class='ocrx_word' id='word_1_122' title='bbox 890 1291 1045 1332; x_wconf 84' lang='lat' dir='ltr'>iniuria</span> <span class='ocrx_word' id='word_1_123' title='bbox 1077 1306 1237 1332; x_wconf 85' lang='lat' dir='ltr'>casum:</span> 
     </span>
     <span class='ocr_line' id='line_1_23' title="bbox 168 1346 1313 1403; baseline -0.001 -15"><span class='ocrx_word' id='word_1_124' title='bbox 168 1358 232 1388; x_wconf 78' lang='lat'>120</span> <span class='ocrx_word' id='word_1_125' title='bbox 312 1348 592 1403; x_wconf 83' lang='lat' dir='ltr'>Contemptus</span> <span class='ocrx_word' id='word_1_126' title='bbox 624 1347 775 1390; x_wconf 85' lang='lat' dir='ltr'>solidet</span> <span class='ocrx_word' id='word_1_127' title='bbox 805 1347 982 1388; x_wconf 82' lang='lat' dir='ltr'>vulnera</span> <span class='ocrx_word' id='word_1_128' title='bbox 1012 1348 1152 1388; x_wconf 86' lang='lat' dir='ltr'>cla-usa</span> <span class='ocrx_word' id='word_1_129' title='bbox 1183 1346 1313 1388; x_wconf 87' lang='lat' dir='ltr'>dolor.</span> 
     </span>
     <span class='ocr_line' id='line_1_24' title="bbox 249 1403 1206 1457; baseline -0.003 -10"><span class='ocrx_word' id='word_1_130' title='bbox 249 1405 451 1447; x_wconf 86' lang='lat' dir='ltr'>Adversis</span> <span class='ocrx_word' id='word_1_131' title='bbox 483 1405 670 1447; x_wconf 86' lang='lat' dir='ltr'>solemne</span> <span class='ocrx_word' id='word_1_132' title='bbox 699 1404 783 1444; x_wconf 81' lang='lat' dir='ltr'>tuis</span> <span class='ocrx_word' id='word_1_133' title='bbox 814 1417 981 1457; x_wconf 88' lang='lat' dir='ltr'>sperare</span> <span class='ocrx_word' id='word_1_134' title='bbox 1011 1403 1206 1444; x_wconf 87' lang='lat' dir='ltr'>secunda.</span> 
     </span>
     <span class='ocr_line' id='line_1_25' title="bbox 305 1459 1124 1516; baseline -0.002 -14"><span class='ocrx_word' id='word_1_135' title='bbox 305 1461 514 1516; x_wconf 80' lang='lat' dir='ltr'>Exemplo</span> <span class='ocrx_word' id='word_1_136' title='bbox 547 1461 651 1502; x_wconf 89' lang='lat' dir='ltr'>caeli</span> <span class='ocrx_word' id='word_1_137' title='bbox 681 1460 785 1501; x_wconf 89' lang='lat' dir='ltr'>ditia</span> <span class='ocrx_word' id='word_1_138' title='bbox 815 1459 968 1501; x_wconf 86' lang='lat' dir='ltr'>damna</span> <span class='ocrx_word' id='word_1_139' title='bbox 997 1460 1124 1500; x_wconf 87' lang='lat' dir='ltr'>subis.</span> 
     </span>
     <span class='ocr_line' id='line_1_26' title="bbox 250 1516 1353 1566; baseline -0.004 -7"><span class='ocrx_word' id='word_1_140' title='bbox 250 1519 478 1559; x_wconf 81' lang='lat' dir='ltr'>Astrorum</span> <span class='ocrx_word' id='word_1_141' title='bbox 507 1517 700 1558; x_wconf 86' lang='lat' dir='ltr'>fiammae</span> <span class='ocrx_word' id='word_1_142' title='bbox 730 1518 941 1557; x_wconf 83' lang='lat' dir='ltr'>renovant</span> <span class='ocrx_word' id='word_1_143' title='bbox 970 1516 1185 1557; x_wconf 87' lang='lat' dir='ltr'>occasibus</span> <span class='ocrx_word' id='word_1_144' title='bbox 1217 1519 1353 1566; x_wconf 83' lang='lat' dir='ltr'>ortus;</span> 
     </span>
     <span class='ocr_line' id='line_1_27' title="bbox 306 1572 1096 1626; baseline -0.004 -11"><span class='ocrx_word' id='word_1_145' title='bbox 306 1573 471 1615; x_wconf 90' lang='lat' dir='ltr'>Lunam</span> <span class='ocrx_word' id='word_1_146' title='bbox 501 1573 615 1614; x_wconf 88' lang='lat' dir='ltr'>finiri</span> <span class='ocrx_word' id='word_1_147' title='bbox 646 1572 801 1625; x_wconf 80' lang='lat' dir='ltr'>cernis,</span> <span class='ocrx_word' id='word_1_148' title='bbox 832 1575 881 1613; x_wconf 88' lang='lat' dir='ltr'>ut</span> <span class='ocrx_word' id='word_1_149' title='bbox 910 1572 1096 1626; x_wconf 86' lang='lat' dir='ltr'>incipiat.</span> 
     </span>
     <span class='ocr_line' id='line_1_28' title="bbox 168 1628 1320 1680; baseline -0.002 -11"><span class='ocrx_word' id='word_1_150' title='bbox 168 1639 231 1669; x_wconf 81' lang='lat'>125</span> <span class='ocrx_word' id='word_1_151' title='bbox 253 1630 441 1671; x_wconf 87' lang='lat' dir='ltr'>Victoris</span> <span class='ocrx_word' id='word_1_152' title='bbox 472 1629 633 1670; x_wconf 82' lang='lat' dir='ltr'>Brenni</span> <span class='ocrx_word' id='word_1_153' title='bbox 663 1643 752 1670; x_wconf 89' lang='lat' dir='ltr'>non</span> <span class='ocrx_word' id='word_1_154' title='bbox 782 1628 947 1669; x_wconf 79' lang='lat' dir='ltr'>distulit</span> <span class='ocrx_word' id='word_1_155' title='bbox 976 1628 1091 1668; x_wconf 88' lang='lat' dir='ltr'>Allia</span> <span class='ocrx_word' id='word_1_156' title='bbox 1120 1641 1320 1680; x_wconf 87' lang='lat' dir='ltr'>poenam:</span> 
     </span>
     <span class='ocr_line' id='line_1_29' title="bbox 307 1683 1150 1728; baseline -0.005 -1"><span class='ocrx_word' id='word_1_157' title='bbox 307 1684 475 1728; x_wconf 81' lang='lat' dir='ltr'>Samnis</span> <span class='ocrx_word' id='word_1_158' title='bbox 505 1685 676 1726; x_wconf 84' lang='lat' dir='ltr'>servitio</span> <span class='ocrx_word' id='word_1_159' title='bbox 707 1684 879 1726; x_wconf 87' lang='lat' dir='ltr'>foedera</span> <span class='ocrx_word' id='word_1_160' title='bbox 907 1698 1031 1725; x_wconf 85' lang='lat' dir='ltr'>saeva</span> <span class='ocrx_word' id='word_1_161' title='bbox 1059 1683 1150 1724; x_wconf 90' lang='lat' dir='ltr'>luit.</span> 
     </span>
     <span class='ocr_line' id='line_1_30' title="bbox 253 1738 1391 1795; baseline -0.004 -12"><span class='ocrx_word' id='word_1_162' title='bbox 253 1742 361 1784; x_wconf 88' lang='lat' dir='ltr'>Post</span> <span class='ocrx_word' id='word_1_163' title='bbox 390 1742 545 1783; x_wconf 86' lang='lat' dir='ltr'>multas</span> <span class='ocrx_word' id='word_1_164' title='bbox 576 1741 789 1795; x_wconf 82' lang='lat' dir='ltr'>Pyrrhum</span> <span class='ocrx_word' id='word_1_165' title='bbox 819 1739 956 1781; x_wconf 85' lang='lat' dir='ltr'>clades</span> <span class='ocrx_word' id='word_1_166' title='bbox 986 1742 1182 1793; x_wconf 84' lang='lat' dir='ltr'>superata</span> <span class='ocrx_word' id='word_1_167' title='bbox 1211 1738 1391 1793; x_wconf 74' lang='lat' dir='ltr'>fugasti3</span> 
     </span>
     <span class='ocr_line' id='line_1_31' title="bbox 306 1796 1199 1849; baseline -0.004 -10"><span class='ocrx_word' id='word_1_168' title='bbox 306 1797 449 1839; x_wconf 83' lang='lat' dir='ltr'>Flevit</span> <span class='ocrx_word' id='word_1_169' title='bbox 479 1811 692 1838; x_wconf 89' lang='lat' dir='ltr'>successus</span> <span class='ocrx_word' id='word_1_170' title='bbox 723 1796 939 1837; x_wconf 85' lang='lat' dir='ltr'>Hannibal</span> <span class='ocrx_word' id='word_1_171' title='bbox 969 1796 1058 1849; x_wconf 89' lang='lat' dir='ltr'>ipse</span> <span class='ocrx_word' id='word_1_172' title='bbox 1090 1810 1199 1836; x_wconf 89' lang='lat' dir='ltr'>suos.</span> 
     </span>
     <span class='ocr_line' id='line_1_32' title="bbox 253 1852 1393 1909; baseline -0.003 -15"><span class='ocrx_word' id='word_1_173' title='bbox 253 1853 369 1903; x_wconf 83' lang='lat' dir='ltr'>Quae</span> <span class='ocrx_word' id='word_1_174' title='bbox 399 1853 536 1909; x_wconf 87' lang='lat' dir='ltr'>mergi</span> <span class='ocrx_word' id='word_1_175' title='bbox 566 1856 803 1907; x_wconf 81' lang='lat' dir='ltr'>nequeunt,</span> <span class='ocrx_word' id='word_1_176' title='bbox 834 1853 930 1892; x_wconf 88' lang='lat' dir='ltr'>nisu</span> <span class='ocrx_word' id='word_1_177' title='bbox 960 1852 1119 1893; x_wconf 91' lang='lat' dir='ltr'>maiore</span> <span class='ocrx_word' id='word_1_178' title='bbox 1149 1857 1393 1905; x_wconf 75' lang='lat' dir='ltr'>resurgunt,</span> 
     </span>
     <span class='ocr_line' id='line_1_33' title="bbox 170 1907 1152 1964; baseline -0.001 -15"><span class='ocrx_word' id='word_1_179' title='bbox 170 1920 232 1950; x_wconf 65' lang='lat'>130</span> <span class='ocrx_word' id='word_1_180' title='bbox 308 1909 590 1964; x_wconf 83' lang='lat' dir='ltr'>Exiliuntque</span> <span class='ocrx_word' id='word_1_181' title='bbox 620 1909 716 1950; x_wconf 81' lang='lat' dir='ltr'>‘unis</span> <span class='ocrx_word' id='word_1_182' title='bbox 746 1908 872 1949; x_wconf 88' lang='lat' dir='ltr'>altius</span> <span class='ocrx_word' id='word_1_183' title='bbox 902 1911 995 1949; x_wconf 86' lang='lat' dir='ltr'>acta</span> <span class='ocrx_word' id='word_1_184' title='bbox 1023 1907 1152 1948; x_wconf 74' lang='lat' dir='ltr'>vadis.</span> 
     </span>
     <span class='ocr_line' id='line_1_34' title="bbox 253 1963 1261 2020; baseline -0.005 -12"><span class='ocrx_word' id='word_1_185' title='bbox 253 1966 397 2020; x_wconf 80' lang='lat' dir='ltr'>thue</span> <span class='ocrx_word' id='word_1_186' title='bbox 430 1981 564 2007; x_wconf 75' lang='lat' dir='ltr'>novas</span> <span class='ocrx_word' id='word_1_187' title='bbox 593 1966 705 2007; x_wconf 84' lang='lat' dir='ltr'>vires</span> <span class='ocrx_word' id='word_1_188' title='bbox 734 1964 807 2005; x_wconf 83' lang='lat' dir='ltr'>fax</span> <span class='ocrx_word' id='word_1_189' title='bbox 836 1964 1041 2005; x_wconf 87' lang='lat' dir='ltr'>inclinata</span> <span class='ocrx_word' id='word_1_190' title='bbox 1069 1963 1243 2004; x_wconf 87' lang='lat' dir='ltr'>resumit</span> <span class='ocrx_word' id='word_1_191' title='bbox 1251 1996 1261 2016; x_wconf 53' lang='lat'><em>2</em></span> 
     </span>
     <span class='ocr_line' id='line_1_35' title="bbox 309 2019 1239 2074; baseline -0.005 -10"><span class='ocrx_word' id='word_1_192' title='bbox 309 2021 473 2064; x_wconf 86' lang='lat' dir='ltr'>Clarior</span> <span class='ocrx_word' id='word_1_193' title='bbox 503 2037 553 2063; x_wconf 78' lang='lat' dir='ltr'>ex</span> <span class='ocrx_word' id='word_1_194' title='bbox 581 2022 734 2062; x_wconf 85' lang='lat' dir='ltr'>humili</span> <span class='ocrx_word' id='word_1_195' title='bbox 764 2023 876 2062; x_wconf 88' lang='lat' dir='ltr'>sorte</span> <span class='ocrx_word' id='word_1_196' title='bbox 907 2035 1090 2074; x_wconf 87' lang='lat' dir='ltr'>superna</span> <span class='ocrx_word' id='word_1_197' title='bbox 1118 2019 1239 2073; x_wconf 87' lang='lat' dir='ltr'>petis.</span> 
     </span>
     <span class='ocr_line' id='line_1_36' title="bbox 252 2076 1297 2134; baseline -0.006 -13"><span class='ocrx_word' id='word_1_198' title='bbox 252 2079 430 2134; x_wconf 83' lang='lat' dir='ltr'>Porrige</span> <span class='ocrx_word' id='word_1_199' title='bbox 460 2079 644 2120; x_wconf 82' lang='lat' dir='ltr'>victuras</span> <span class='ocrx_word' id='word_1_200' title='bbox 674 2077 867 2118; x_wconf 87' lang='lat' dir='ltr'>Romana</span> <span class='ocrx_word' id='word_1_201' title='bbox 896 2077 941 2117; x_wconf 86' lang='lat' dir='ltr'>in</span> <span class='ocrx_word' id='word_1_202' title='bbox 971 2076 1137 2117; x_wconf 87' lang='lat' dir='ltr'>saecula</span> <span class='ocrx_word' id='word_1_203' title='bbox 1165 2076 1297 2130; x_wconf 77' lang='lat' dir='ltr'>leges.</span> 
     </span>
     <span class='ocr_line' id='line_1_37' title="bbox 310 2132 1157 2189; baseline -0.005 -13"><span class='ocrx_word' id='word_1_204' title='bbox 310 2133 493 2189; x_wconf 82' lang='lat' dir='ltr'>Solaque</span> <span class='ocrx_word' id='word_1_205' title='bbox 523 2134 673 2176; x_wconf 85' lang='lat' dir='ltr'>fatales</span> <span class='ocrx_word' id='word_1_206' title='bbox 702 2149 792 2174; x_wconf 87' lang='lat' dir='ltr'>non</span> <span class='ocrx_word' id='word_1_207' title='bbox 821 2147 990 2174; x_wconf 85' lang='lat' dir='ltr'>vereare</span> <span class='ocrx_word' id='word_1_208' title='bbox 1022 2132 1157 2185; x_wconf 66' lang='lat' dir='ltr'>colos,</span> 
     </span>
     <span class='ocr_line' id='line_1_38' title="bbox 172 2187 1248 2242; baseline -0.003 -11"><span class='ocrx_word' id='word_1_209' title='bbox 172 2201 234 2231; x_wconf 77' lang='lat'>135</span> <span class='ocrx_word' id='word_1_210' title='bbox 259 2189 461 2239; x_wconf 77' lang='lat' dir='ltr'>Quamvis</span> <span class='ocrx_word' id='word_1_211' title='bbox 491 2191 673 2232; x_wconf 87' lang='lat' dir='ltr'>sedecies</span> <span class='ocrx_word' id='word_1_212' title='bbox 705 2190 821 2231; x_wconf 86' lang='lat' dir='ltr'>denis</span> <span class='ocrx_word' id='word_1_213' title='bbox 853 2192 893 2229; x_wconf 86' lang='lat' dir='ltr'>et</span> <span class='ocrx_word' id='word_1_214' title='bbox 923 2188 1038 2229; x_wconf 91' lang='lat' dir='ltr'>mille</span> <span class='ocrx_word' id='word_1_215' title='bbox 1068 2187 1248 2242; x_wconf 86' lang='lat' dir='ltr'>peractis</span> 
     </span>
     <span class='ocr_line' id='line_1_39' title="bbox 310 2245 1211 2301; baseline -0.006 -12"><span class='ocrx_word' id='word_1_216' title='bbox 310 2249 462 2289; x_wconf 85' lang='lat' dir='ltr'>Annus</span> <span class='ocrx_word' id='word_1_217' title='bbox 493 2250 709 2301; x_wconf 84' lang='lat' dir='ltr'>praeterea</span> <span class='ocrx_word' id='word_1_218' title='bbox 738 2246 824 2287; x_wconf 89' lang='lat' dir='ltr'>iam</span> <span class='ocrx_word' id='word_1_219' title='bbox 852 2245 932 2286; x_wconf 84' lang='lat' dir='ltr'>tibi</span> <span class='ocrx_word' id='word_1_220' title='bbox 961 2259 1099 2286; x_wconf 86' lang='lat' dir='ltr'>nonus</span> <span class='ocrx_word' id='word_1_221' title='bbox 1133 2246 1211 2285; x_wconf 86' lang='lat' dir='ltr'>eat.</span> 
     </span>
    </p>
   </div>
  </div>
 </body>
</html>
