1561 2511
619 76 881 111 ANNIANVS.
1335 76 1388 115 —H

112 184 261 227 modos
292 183 512 225 deduxisse
542 182 782 236 gloriatur?
811 183 902 225 Nec
924 198 1024 225 vero
1045 185 1271 226 Annia-nus
1302 186 1395 227 ideo

111 241 301 283 Faliscus
329 241 457 294 poeta
486 238 604 280 audit
623 238 737 292 quod
757 238 1020 281 Faliscorum
1051 241 1286 282 carminum
1313 241 1397 282 edi-

112 298 174 339 dit
202 298 334 338 libros
364 294 437 336 sed
467 293 580 348 quod
609 294 789 335 fundum
819 295 865 336 in
902 309 1005 350 agro
1036 296 1202 339 Falisco
1232 298 1395 340 habuit.

196 353 310 402 Quae
340 365 436 392 cum
466 351 527 392 ita
555 365 599 392 se
630 351 827 404 habeant,
858 355 1035 405 apparet
1063 352 1156 394 falli
1185 353 1258 408 qui
1279 353 1395 396 Sere-

110 424 214 451 num
235 407 497 450 Faliscorum
518 407 753 448 carminum
774 407 931 448 librum
961 409 1248 462 composuisse
1278 411 1395 451 testi—

111 465 266 508 moniis
302 466 494 505 veterum
533 462 710 504 credunt
747 463 928 518 adstrui3
973 479 1112 519 neque
1153 480 1203 507 ea
1238 480 1315 520 per
1352 481 1396 507 se

113 521 257 576 opinio
301 520 495 561 umbram
539 519 668 560 habet
711 520 1036 573 probabilitatis.
1098 520 1208 570 Quid
1252 522 1397 563 enim?

111 577 336 618 Annianus
374 590 470 617 cum
500 575 674 617 Sueium
712 579 879 618 secutus
918 579 960 618 et
995 577 1202 618 Laevium
1239 578 1397 632 idylliis

111 633 196 675 suis
227 647 333 687 quae
363 632 579 686 inscripsit
607 631 773 673 Falisca
809 633 962 674 ruralis
993 633 1104 675 vitae
1143 635 1396 676 suavitatem

111 689 389 743 descripserit,
419 703 565 729 nonne
595 688 773 729 eandem
792 689 918 742 plane
943 690 1165 731 materiam
1185 691 1396 732 ruralibus

111 746 324 800 opusculis
360 747 562 786 tractasse
603 747 770 786 constat
799 744 1084 799 Septimium?
1145 745 1227 795 Qui
1265 747 1397 802 igitur

109 817 221 843 unus
250 802 380 843 homo
410 800 522 842 idem
542 803 843 855 argumentum
874 801 1002 843 etiam
1033 802 1167 844 altero
1198 817 1396 858 recoque-

111 861 178 900 ret
208 858 365 912 opere?
402 856 514 898 Nam
543 857 649 898 illud
678 857 803 898 mitto
834 858 975 912 ipsum
1004 857 1268 900 Faliscorum
1297 860 1396 901 titu-

108 915 210 968 lum,
240 929 336 955 cum
357 913 598 967 aptissimus
629 913 684 954 sit
714 914 833 955 libris
853 914 1058 968 Anniani,
1090 915 1284 969 ineptum
1307 930 1396 957 esse

109 970 257 1012 Sereni
288 970 556 1023 carminibus,
587 969 670 1010 nisi
699 969 811 1011 forte
840 970 967 1011 etiam
997 971 1111 1012 hunc
1140 971 1321 1013 fundum
1350 972 1396 1013 in

108 1026 372 1068 Faliscorum
402 1040 504 1081 agro
535 1026 770 1079 possedisse
801 1027 1147 1071 existimabimus,

195 1082 393 1124 Ceterum
423 1096 477 1123 ne
508 1081 613 1122 illud
635 1081 805 1136 quidem
836 1086 902 1124 sat
931 1086 1099 1124 constat
1118 1083 1304 1125 fueritne
1334 1098 1397 1125 re-

110 1153 222 1192 vera,
254 1138 297 1179 id
327 1138 441 1192 quod
470 1138 599 1193 vulgo
632 1137 821 1192 credunt,
853 1139 1046 1193 exemplo
1077 1140 1304 1181 Annianus
1327 1139 1397 1182 Se-

107 1210 224 1237 reno.
283 1195 433 1248 Neque
471 1197 614 1235 tamen
652 1197 794 1248 potest
829 1196 979 1250 negari
1009 1196 1257 1249 opinionem
1286 1197 1396 1238 hanc

109 1265 185 1292 sua
222 1250 393 1292 defendi
430 1250 742 1304 probabilitate.
801 1250 915 1293 Nam
951 1251 1066 1293 idem
1101 1253 1229 1307 plane
1273 1267 1396 1309 argu-

106 1309 299 1348 mentum
337 1309 379 1348 et
416 1306 591 1348 Faliscis
629 1307 886 1349 carminibus
926 1310 968 1349 et
1006 1309 1220 1362 opusculis
1248 1310 1395 1350 rurali-

106 1364 208 1417 bus,
249 1363 398 1405 similis
436 1363 605 1417 utrique
642 1366 793 1417 poetae
833 1364 1050 1406 variorum
1080 1365 1240 1419 pariter
1269 1369 1395 1420 atque

107 1419 389 1461 insolentium
419 1422 652 1461 metrorum
682 1434 818 1474 amor,
849 1423 899 1462 ut
929 1421 1124 1462 omittam
1154 1436 1395 1476 comparem

107 1478 331 1530 poetarum
351 1476 548 1531 Augusto
578 1476 769 1530 priorum
800 1477 1143 1519 aemulationem.
1179 1477 1247 1519 Ita
1267 1478 1395 1520 etiam

106 1532 422 1586 paroemiacum
452 1546 676 1573 numerum
706 1535 933 1587 utrumque
954 1533 1197 1576 adhibuisse
1219 1538 1394 1589 constat,

105 1602 245 1642 neque
282 1591 345 1629 est
381 1602 456 1629 cur
494 1587 699 1630 Serenum
737 1589 931 1632 Calabrio
968 1592 1104 1631 metro
1142 1605 1267 1632 usum
1305 1605 1395 1632 esse

105 1658 329 1699 negemus,
369 1644 483 1698 quod
520 1645 727 1698 placuisse
765 1646 830 1686 sui
867 1646 1071 1700 temporis
1108 1646 1253 1701 lyricis
1291 1647 1393 1688 satis

108 1704 251 1755 aperte
282 1700 468 1742 declarat
497 1701 778 1742 Terentianus
808 1717 874 1743 VV.
911 1702 1019 1744 1992
1050 1717 1140 1757 sqq.
1180 1728 1235 1733 —
1274 1703 1392 1745 Cete-

106 1771 201 1797 rum
238 1757 342 1811 ipsis
379 1757 519 1798 verbis
557 1757 802 1798 Terentiani
840 1772 947 1812 quae
985 1762 1085 1800 sunt
1116 1759 1240 1800 etalia
1270 1759 1394 1800 docta

106 1812 272 1854 Falisca
307 1813 508 1868 legimus3
554 1828 654 1854 nam
689 1814 769 1855 tibi
805 1815 950 1856 notius
995 1815 1077 1856 hoc
1120 1829 1255 1871 genus
1300 1816 1393 1869 erit,

108 1869 293 1910 carmine
331 1869 469 1923 siquid
506 1870 559 1911 ab
602 1869 684 1911 hoc
728 1877 934 1924 posuero'
976 1871 1144 1913 abunde
1189 1871 1393 1913 declarari

108 1925 302 1966 existimo
339 1940 428 1967 non
464 1926 661 1981 ignotum
697 1941 836 1981 neque
873 1927 1107 1983 inglorium
1144 1927 1275 1969 fuisse
1304 1929 1392 1969 An-

106 1981 286 2022 nianum
316 1981 429 2036 apud
458 1983 613 2023 saeculi
633 1982 698 2024 III
727 1983 934 2025 homines.
981 1983 1083 2025 Mox
1105 1984 1261 2026 sensim
1281 1984 1394 2026 idem

107 2037 222 2078 abire
259 2038 305 2079 in
344 2038 614 2080 oblivionem.
675 2039 798 2082 Certe
840 2042 1009 2094 praeter
1038 2040 1311 2082 Victorinum
1350 2043 1393 2082 et

105 2094 346 2135 Ausonium
376 2094 576 2136 disertam
605 2095 695 2137 eius
732 2097 994 2138 mentionem
1022 2096 1180 2138 factam
1209 2111 1298 2138 non
1328 2097 1391 2138 in-

105 2150 294 2203 veneris3
334 2165 472 2205 neque
510 2153 575 2192 sat
611 2154 798 2205 constat,
837 2151 1045 2194 Boethius
1076 2154 1149 2207 qui
1186 2153 1232 2194 in
1269 2153 1390 2194 libris

105 2205 156 2247 de
194 2207 485 2248 consolatione
524 2207 822 2263 philosophiae
862 2208 961 2265 [HL
1003 2209 1040 2266 1]
1085 2210 1276 2251 versibus
1315 2210 1389 2263 qui

104 2265 206 2304 sunt
236 2263 331 2318 ‘qui
361 2277 497 2305 serere
527 2264 733 2319 ingenum
762 2265 880 2307 volet
908 2279 1078 2321 agrum,
1109 2266 1262 2307 liberat
1291 2280 1392 2307 arva
