1561 2511
202 103 257 145 52
747 97 946 144 marva

473 214 722 269 plerumque
752 230 830 257 nec
860 230 1030 258 carmen
1059 217 1207 271 modo,

475 270 547 311 sed
577 273 619 311 et
648 271 849 312 volumen
878 272 1071 326 explicat.

475 329 524 367 ut
551 326 715 380 pridem
744 328 898 368 Avitus
928 328 1110 382 Alphius

473 382 605 423 libros
634 385 762 436 poeta
791 383 1006 437 plusculos

473 453 572 479 usus
603 438 781 480 dimetro
811 440 976 493 perpeti

475 494 703 535 conscribit
732 495 1040 536 excellentium.

731 594 786 627 Ex
810 594 904 629 libro
929 595 956 629 I.

206 663 240 703 1.
471 661 639 714 marite,
671 662 706 701 si
736 662 908 716 sanguis
940 661 1080 715 Curis,

473 715 629 758 Sabina
659 717 694 758 si
722 717 870 758 caedes
899 717 1056 771 placet,

470 773 516 813 in
545 787 631 826 me,
663 788 737 814 oro
746 807 757 827 ‚
788 776 1009 815 convertas
1038 789 1201 816 manus.

291 829 418 882 Apud
439 829 704 869 Priscianum
734 843 804 884 pg.
828 830 910 871 633
940 832 1038 883 post
1066 830 1140 871 illa
1170 834 1299 872 ‘nunc
1329 832 1375 872 in
1403 847 1483 873 usu

204 899 294 927 non
324 887 438 925 sunt'
470 885 641 938 quidam
672 885 761 926 cdd.
793 885 897 926 haec
927 885 1106 927 addunt:
1136 886 1328 940 Alpheus
1356 888 1480 942 (corr.

205 939 470 996 Bondamus)
508 943 652 981 tamen
690 941 844 982 Avitus
882 942 928 982 in
965 941 986 982 I
1025 942 1321 984 excellentium
1360 942 1481 985 Curis

200 998 343 1051 posuit
371 1012 448 1051 pro
481 995 632 1045 Quiris.

717 1097 771 1130 Ex
795 1097 890 1131 libro
916 1098 963 1133 H.

199 1166 238 1206 2.
468 1168 560 1205 tum
590 1165 801 1205 litterator
829 1165 1009 1206 creditos

469 1220 569 1261 ludo
600 1220 812 1261 Faliscum
842 1221 997 1262 liberos

471 1278 665 1317 causatus
695 1277 741 1317 in
771 1277 909 1330 campi
938 1280 1087 1331 patens¹

471 1335 697 1386 exteraque
727 1333 838 1373 muri
869 1333 1018 1374 ducere

470 1388 693 1442 spatiando
723 1389 929 1442 paulatim
958 1389 1091 1430 trahit

467 1444 634 1485 hostilis
665 1445 718 1485 ad
747 1445 848 1486 valli
877 1445 1001 1486 latus.

286 1500 528 1542 Priscianus
557 1514 627 1555 pg.
659 1500 760 1542 823:
791 1501 897 1542 illud
925 1504 1070 1542 tamen
1100 1501 1335 1555 sciendum,
1368 1502 1480 1556 quod

202 1558 248 1598 in
280 1572 303 1598 o
335 1557 489 1611 supina
524 1560 612 1598 tam
650 1557 886 1611 corripiunt
915 1572 1042 1611 quam
1071 1558 1312 1611 producunt
1340 1561 1479 1599 aucto-

199 1628 266 1654 res
287 1628 404 1654 more
425 1614 652 1654 verborum
676 1613 763 1654 sive
795 1613 1090 1655 adverbiorum
1120 1615 1166 1654 in
1197 1628 1220 1655 o
1251 1614 1478 1654 terminan-

198 1670 318 1710 tium.
359 1669 542 1723 Alphius
563 1669 717 1710 Avitus
747 1669 793 1710 in
821 1670 864 1710 H
894 1670 1201 1711 excellentium.
1224 1695 1277 1699 —
1305 1669 1358 1710 V.
1380 1670 1407 1710 5
1427 1670 1479 1710 ad

198 1725 374 1766 eandem
394 1740 483 1766 rem
503 1725 765 1778 probandam
787 1726 915 1766 etiam
931 1726 1103 1766 adhibet
1119 1725 1359 1766 Priscianus
1376 1739 1476 1780 pgg.

198 1781 293 1822 809.
319 1782 438 1823 1136.
480 1782 763 1835 ‘Exteraque’
796 1781 1106 1834 Lachmannus⁷
1129 1784 1360 1834 ‘extraque'
1386 1781 1475 1821 cdd.

198 1838 236 1878 3.
466 1852 539 1878 seu
568 1840 658 1878 tute
688 1837 810 1878 malis
839 1837 1029 1891 hospites

466 1908 539 1934 seu
568 1896 658 1934 tute
690 1893 902 1947 captivos,
933 1893 1053 1934 habe.

282 1949 524 1990 Priscianus
553 1963 624 2004 pg.
656 1949 736 1990 947
768 1950 841 1990 ubi
871 1949 931 1990 ait
959 1949 1003 1990 id
1033 1949 1146 2003 quod
1176 1952 1239 1990 est
1267 1952 1358 1990 tute
1388 1963 1477 1990 cor-

199 2008 319 2059 repta
350 2020 438 2046 esse
468 2005 587 2046 finali
615 2005 720 2046 haec
748 2005 900 2046 habet:
940 2005 1147 2059 ‘Alphius
1177 2006 1330 2046 Avitus
1360 2005 1406 2045 in
1435 2004 1478 2045 Π

199 2061 496 2102 excellentium
525 2063 622 2102 ‘seu
651 2064 764 2102 tute'
797 2076 830 2102 e.
863 2076 901 2115 q.
934 2076 964 2102 s.
1027 2060 1136 2102 Sunt
1166 2062 1279 2102 enim
1310 2061 1477 2102 dimetri

199 2117 381 2158 iambici.
407 2144 455 2147 —
491 2117 660 2158 ‘Habe'
692 2117 905 2170 Valesius,
937 2118 1113 2158 ehabes'
1146 2117 1235 2159 cdd.
1268 2117 1477 2173 (adhaesit

199 2188 219 2214 s
248 2188 298 2214 ex
327 2174 521 2227 proximo
560 2173 798 2229 vocabulo).
845 2174 963 2214 Idem
994 2174 1163 2215 criticus
1194 2173 1334 2214 minus
1364 2175 1475 2213 recte

200 2231 249 2270 ut
268 2233 372 2283 puto
395 2230 469 2270 illa
500 2230 681 2271 ‘mavis’
714 2232 756 2270 et
787 2230 1016 2271 eobsides'.
1058 2228 1167 2271 Sunt
1187 2232 1328 2271 autem
1347 2229 1476 2269 verba

198 2285 445 2327 litteratoris
476 2286 529 2327 ad
558 2286 857 2340 imperatorem
886 2286 1137 2327 Romanum.
