1561 2511
637 56 832 94 FLORVS.
1322 56 1375 98 27

96 165 437 210 annumerandus
459 164 654 220 (eandem
675 165 803 206 etiam
818 164 867 206 de
882 165 1056 206 Lucano
1073 168 1233 207 motam
1254 181 1379 220 quae-

97 225 281 266 stionem
310 221 493 276 constat)
531 221 740 274 particula
770 221 976 274 quaedam
1007 225 1104 263 ante
1136 236 1271 263 annos
1302 223 1380 264 cir-

96 281 202 322 citer
231 278 354 320 XXV
384 277 573 318 innotuit
603 277 707 331 quin
737 276 849 317 idem
879 278 935 319 sit
963 292 1060 319 cum
1079 277 1209 319 Floro
1239 281 1378 333 poeta,

96 335 304 380 Hadriani
334 333 469 374 amico
500 333 587 387 illo,
619 333 737 374 cuius
769 335 915 374 extant
945 333 1151 388 quaedam
1181 334 1380 388 epistula-

96 407 192 434 rum
221 391 274 433 ad
303 390 601 443 imperatorem
632 388 822 430 datarum
852 390 1069 444 reliquiae,
1094 404 1183 431 non
1213 390 1381 432 videtur

96 462 219 504 posse
258 445 453 487 dubitari.
512 445 553 486 Is
593 445 726 500 igitur
756 460 790 487 c
822 460 858 487 a.
889 461 929 500 p.
963 446 1062 488 Chr.
1096 446 1150 487 74
1178 449 1304 488 natus
1334 447 1380 488 in

95 504 243 546 Africa
279 516 375 544 cum
411 516 542 556 puero
583 516 785 543 coronam
822 502 868 542 in
898 502 1127 543 certamine
1156 505 1380 566 poetarum

94 560 188 602 Iovi
218 558 459 613 Capitolino
500 560 662 599 sacrato
704 558 756 599 ab
787 557 1035 600 Domitiano
1066 561 1241 613 propter
1272 559 1379 600 invi-

96 617 207 657 diam
245 615 511 669 imperatoris
556 615 721 668 assequi
765 629 855 655 non
891 615 1081 656 licuisset
1122 629 1379 669 quamquam

95 671 358 727 efflagitante
388 671 560 725 populo,
590 670 730 711 taedio
762 671 954 724 repulsae
985 671 1120 712 victus
1150 674 1377 726 peragrato

96 729 197 770 orbe
226 730 434 769 terrarum
454 726 658 767 tandem
646 741 691 767 111
712 726 921 781 Hispania
941 727 1249 768 Tarraconensi
1279 742 1378 768 con-

94 785 204 826 stitit
232 784 375 838 ibique
405 782 552 823 ludum
581 783 758 836 aperuit.
818 782 983 824 Deinde
1007 783 1188 825 Romam
1218 797 1378 839 regres-

95 855 165 882 sus
202 840 248 881 in
278 839 507 881 amicitiam
536 838 743 880 Hadriani
774 839 846 893 qui
884 840 1116 902 plurimum
1146 840 1254 881 vixit
1283 854 1379 881 cum

93 896 340 938 hominibus
369 895 566 937 litteratis
587 895 754 936 videtur
782 896 1038 949 pervenisse
1069 896 1152 936 nisi
1182 910 1275 937 eam
1293 896 1379 937 iam

95 956 193 994 ante
231 967 327 993 cum
364 952 536 1014 homine
578 965 629 992 ex
665 951 875 1005 Hispania
904 966 1039 1007 genus
1070 951 1248 993 ducente
1280 966 1378 993 con—

94 1009 235 1050 traxit.
267 1033 321 1039 —-
352 1007 433 1050 Sed
464 1007 577 1048 enim
606 1007 695 1049 fata
715 1007 833 1048 Flori
865 1008 937 1061 qui
968 1007 1083 1049 volet
1114 1023 1163 1049 ex
1193 1011 1378 1049 tractatu

95 1066 168 1106 illo
208 1065 332 1106 obvio
371 1064 583 1118 plerisque
623 1066 863 1119 cognoscet.
923 1064 1051 1105 Nunc
1088 1063 1138 1105 de
1168 1065 1377 1118 poematis

94 1122 330 1174 videamus3
362 1134 462 1160 nam
491 1119 766 1160 historiarum
786 1120 832 1160 T.
855 1119 967 1160 Livii
998 1120 1226 1174 epitomen,
1250 1135 1377 1174 quam

94 1178 202 1218 liber
230 1176 559 1230 Bambergensis
600 1176 710 1217 Iulio
742 1175 884 1230 Floro,
915 1176 957 1217 N
960 1176 1180 1217 azarianus
1211 1176 1258 1218 L.
1290 1178 1378 1218 An-

92 1247 200 1274 naeo
230 1232 358 1274 Floro
388 1232 550 1285 tribuit,
583 1232 663 1273 etsi
692 1232 818 1273 huius
850 1247 1018 1287 quoque
1050 1236 1266 1274 auctorem
1293 1232 1378 1274 Ha-

93 1288 242 1330 driano
273 1288 493 1342 aequalem
522 1288 653 1329 fuisse
685 1291 863 1342 constat,
886 1289 1073 1330 alienum
1095 1303 1183 1329 esse
1206 1304 1230 1330 a
1249 1291 1379 1343 poeta

92 1345 216 1386 facile
247 1344 431 1386 adducor
460 1347 507 1385 ut
537 1344 714 1386 credam.
777 1343 974 1386 Ceterum
1003 1345 1232 1386 dolendum
1263 1345 1379 1400 quod

92 1401 219 1442 huius
248 1403 336 1442 tam
366 1415 501 1455 pauca
530 1415 661 1454 eaque
693 1401 949 1442 dubitationi
987 1416 1077 1443 non
1106 1416 1279 1455 prorsus
1310 1416 1377 1442 ex-

93 1460 236 1521 empta
264 1460 461 1511 prostant
490 1457 689 1498 carmina.
749 1459 813 1498 Ac
842 1458 1028 1511 primum
1059 1457 1230 1511 quidem
1261 1460 1375 1499 certo

93 1514 183 1555 eius
215 1527 304 1555 esse
335 1515 511 1567 apparet
540 1527 685 1554 versus
716 1514 828 1567 apud
858 1513 1132 1568 Spartianum
1163 1516 1375 1567 extantes3

91 1584 230 1625 neque
260 1570 357 1610 falsi
387 1569 585 1610 videntur
615 1584 703 1611 esse
734 1570 807 1623 qui
846 1572 1114 1611 tetrametros
1145 1585 1251 1624 quos
1282 1584 1379 1633 pro-

91 1626 206 1667 ximo
243 1626 338 1667 loco
377 1626 623 1666 exhibemus
662 1629 828 1667 selvata
858 1625 1110 1668 Salmasiani
1140 1626 1238 1667 libri
1279 1627 1377 1667 scri-

92 1685 218 1736 ptura
254 1682 300 1723 in
338 1696 422 1736 quo
461 1685 524 1723 est
566 1682 683 1723 Flori
723 1682 840 1737 (nam
887 1683 933 1723 in
969 1683 1174 1724 Thuaneo
1219 1683 1378 1738 legitur

93 1738 316 1791 <Floridi’‚
365 1753 472 1792 quae
511 1741 713 1792 sequente
752 1739 848 1780 ‘de'
889 1739 1031 1780 evenit
1066 1739 1202 1793 labes)
1241 1739 1377 1780 eidem

93 1794 338 1835 adscribunt
372 1795 530 1836 Annio.
590 1794 703 1835 Nam
740 1797 782 1836 et
811 1795 1012 1849 pleraque
1044 1795 1188 1837 omnia
1219 1794 1376 1836 Salma-

93 1851 202 1892 siani
223 1850 377 1892 codicis
398 1852 586 1892 carmina
605 1850 810 1892 Afrorum
831 1854 930 1892 sunt
950 1854 1183 1905 poetarum.
1232 1851 1376 1892 Minus

93 1909 208 1948 certa
232 1921 297 1947 res
326 1906 376 1948 de
410 1907 485 1948 illo
513 1910 745 1948 <venerunt
765 1908 992 1962 aliquando
1021 1911 1171 1949 rosae’.
1223 1906 1376 1956 Quam-

94 1978 221 2017 quam
259 1962 373 2017 quod
402 1962 581 2004 Rivinus
611 1978 688 2017 pro
728 1978 777 2005 eo
809 1964 922 2018 quod
952 1967 1016 2005 est
1045 1964 1161 2005 Flori
1193 1964 1375 2005 scriben-

93 2019 194 2060 dum
224 2033 313 2060 esse
342 2022 465 2073 putat
494 2019 544 2060 de
574 2019 783 2074 Floribus,
814 2021 1158 2075 praecedentium
1189 2019 1375 2061 eiusdem

95 2075 335 2130 argumenti
358 2076 591 2117 carminum
610 2076 746 2117 titulis
769 2077 1026 2118 confutatur.
1067 2077 1125 2119 Et
1145 2076 1374 2130 aliquando

92 2132 139 2173 in
178 2132 286 2173 libro
332 2130 593 2174 Salmasiano
640 2133 870 2174 eorundem
918 2136 1138 2175 auctorum
1188 2133 1376 2174 carmina

92 2188 224 2243 longo
253 2191 400 2229 extant
425 2189 650 2230 intervallo
682 2189 901 2243 dirempta.
942 2189 1057 2238 Quae
1079 2204 1175 2231 cum
1196 2189 1255 2230 ita
1276 2189 1373 2243 sint,

92 2245 355 2298 poematium
386 2245 491 2286 illud
521 2245 650 2299 Flori,
683 2260 766 2300 quo
789 2249 900 2287 certe
930 2261 1020 2287 non
1051 2249 1115 2287 est
1134 2245 1372 2301 indignum,
