1561 2511
595 77 857 113 ANNIANVS.
1311 74 1364 114 37

85 187 167 230 Sed
205 186 319 241 quod
354 185 554 228 adscribit
594 184 752 226 Sereno
796 199 845 225 ea
891 199 998 239 quae
1037 187 1137 225 sunt
1173 184 1367 238 ‘quando

84 244 254 307 flagella
289 243 419 297 ligas'
423 275 433 295 ‚
471 244 545 282 aut
584 241 752 295 egregie
789 240 917 281 fallor
953 242 1027 281 aut
1054 240 1185 281 veiba
1214 240 1368 281 Teren-

85 300 194 341 tiani
232 313 339 354 quae
376 312 504 352 supra
538 297 662 351 posui
700 297 809 337 male
846 296 1064 338 intellecta
1109 311 1198 337 non
1235 296 1368 350 ipsius

86 355 233 399 Sereni
263 353 488 408 exemplar,
520 353 635 407 quali
656 367 858 407 umquam
879 367 976 393 eum
1005 367 1129 394 usum
1159 367 1249 394 esse
1278 366 1369 393 non

84 415 227 467 potest
254 410 438 465 probari,
470 413 636 451 secutus
667 411 741 450 est.
800 408 892 450 Nec
922 409 1075 450 existet
1103 408 1227 449 facile
1258 409 1369 462 quis-

86 483 225 522 quam,
256 466 328 521 qui
359 465 516 507 Sereno
547 465 807 519 pervicacius
837 464 1049 506 adscribat
1076 479 1222 506 versus
1252 465 1369 518 istos,

87 525 122 566 si
153 524 242 566 solo
274 537 324 564 63
351 536 418 563 res
448 522 666 563 adseratur
694 522 940 563 testimonio
971 521 1197 563 Victorini.
1258 520 1371 562 Nam

86 580 287 621 mirificus
324 578 439 620 haud
474 593 570 619 1310
609 580 758 632 stupor
802 577 989 619 eiusdem
1032 578 1078 619 in
1122 576 1371 618 adhibendis

87 635 335 678 Terentiani
372 634 523 676 verbis.
582 634 649 675 Ita
686 648 756 689 pg.
792 635 869 675 177
910 649 960 675 ex
989 648 1057 675 vv.
1088 633 1216 674 huius
1249 633 1370 685 1967,

87 692 140 734 68
169 691 252 733 1106
283 691 318 732 31
348 692 411 732 dis
433 691 573 745 placet
591 690 880 744 Pomponium
900 693 1035 731 metro
1067 704 1191 731 usum
1222 689 1372 730 elicere

87 748 168 790 sibi
199 748 314 789 visus
346 750 429 788 est:

288 814 531 868 Priamique
562 828 656 855 aras
687 813 886 854 damnare
916 813 1009 867 pias
1038 816 1161 866 tunc,

88 897 184 924 cum
214 881 320 923 illud
349 885 446 923 tunc
475 881 607 935 ipsius
638 881 693 922 sit
711 880 863 922 Mauri.
905 880 1036 921 Aliud
1064 880 1246 935 insignis
1267 880 1374 921 eius-

88 939 182 980 dem
222 937 518 993 neglegentiae
557 937 796 991 exemplum
827 937 1127 978 Lachmannus
1170 939 1293 977 notat
1321 935 1375 977 ad

85 1010 124 1036 v.
158 994 251 1036 Ter.
283 995 408 1036 2881.

170 1052 231 1092 At
267 1051 381 1092 enim
418 1050 545 1091 etiam
583 1047 753 1091 Servius
790 1050 836 1090 in
874 1049 934 1090 eis
972 1063 1079 1103 quae
1116 1048 1284 1103 profert
1322 1047 1375 1089 ad

88 1121 179 1148 3611.
201 1106 299 1160 ΙΙΠ,
320 1106 401 1147 291
433 1120 601 1147 v·e1sum
632 1109 680 1146 ut
698 1108 802 1160 puta
831 1104 1017 1159 quando
1048 1105 1218 1160 flagella
1253 1105 1374 1159 ligas,

87 1164 148 1204 ita
177 1163 285 1218 liga'
318 1162 518 1203 adscribit
547 1160 728 1215 Ser‚eno
759 1162 877 1203 cuius
909 1161 1145 1202 carminum
1174 1161 1375 1202 notitiam

88 1233 178 1260 non
200 1233 250 1260 ex
281 1219 371 1260 solo
393 1218 649 1259 Terentiano
680 1195 824 1259 hausit
853 1218 937 1259 ille.
978 1217 1143 1271 Audio,
1177 1217 1249 1258 sed
1279 1231 1375 1258 cum

89 1274 216 1316 huius
246 1275 411 1316 metrici
440 1274 555 1315 haud
575 1289 671 1316 1310
693 1275 850 1316 librum
871 1274 1114 1315 adhibuerit
1134 1273 1375 1326 scholiasta,

87 1331 155 1372 vel
199 1331 322 1372 illum
363 1331 619 1373 velsiculum
666 1345 717 1372 ex
762 1330 909 1382 eodem
952 1330 1135 1384 petitum
1182 1330 1283 1371 satis
1327 1330 1378 1370 fit

87 1387 318 1440 probabile.
382 1386 648 1441 Quamquam
683 1387 828 1441 potuit
867 1387 996 1428 etiam
1034 1387 1144 1428 sumi
1174 1401 1225 1427 ex
1254 1386 1376 1427 libris

88 1443 314 1485 Victolini.
360 1442 473 1484 Nam
504 1446 546 1484 et
575 1443 677 1484 alibi
708 1443 896 1484 eiusdem
924 1443 1188 1484 mentionem
1209 1442 1378 1483 videtui

88 1499 245 1540 inicere
269 1498 622 1555 [adge01g.H]]‚
644 1498 755 1555 373]
807 1498 1002 1541 Servium
1031 1501 1079 1540 ut
1109 1499 1218 1540 solet
1247 1498 1377 1539 excii-

90 1556 177 1609 psit
207 1534 436 1597 scholiasta
457 1532 582 1598 Statii
603 1555 931 1610 Bambergensis
962 1555 1015 1596 ad
1044 1555 1159 1597 theb.
1181 1554 1259 1609 ΙΙΙ,
1280 1555 1375 1596 311.

172 1621 349 1664 Frustra
378 1626 521 1664 autem
550 1622 848 1664 Lachmannus
878 1626 1084 1676 provocat
1113 1622 1163 1664 ad
1196 1622 1378 1663 alterum

90 1678 276 1719 eiusdem
306 1679 420 1733 quod
450 1680 532 1733 ipsi
562 1679 730 1720 videtur
760 1678 896 1721 Servii
925 1679 1232 1720 testimonium.
1263 1678 1377 1719 Nam

88 1735 136 1775 in
166 1735 415 1776 centimetro
446 1749 516 1790 pg.
542 1735 652 1777 1824
683 1750 778 1776 cum
808 1735 912 1776 haec
943 1736 1142 1790 legantur
1170 1738 1220 1776 ut
1240 1749 1377 1776 exem-

91 1790 211 1844 plum
240 1791 365 1832 metri
393 1790 549 1832 Falisci

362 1858 485 1900 docta
514 1858 681 1900 Falisca
711 1858 866 1901 Serene
897 1874 1087 1913 reparas,

91 1925 372 1966 demonstrari
407 1926 468 1966 ait
503 1926 575 1967 ille
617 1927 744 1968 etiam
780 1927 832 1968 ab
863 1927 955 1981 ipso
988 1926 1134 1968 Servio
1173 1926 1377 1980 profecta,

89 1996 180 2023 non
217 1982 269 2022 ab
307 1982 611 2036 interpolatore
649 1982 792 2024 addita
821 1997 870 2024 ea
900 1997 1007 2037 quae
1038 1985 1138 2024 sunt
1167 1982 1379 2036 adscripta

93 2037 146 2078 ad
175 2052 267 2079 aen.
288 2037 386 2091 ΙΠΙ,
406 2038 502 2080 291.
563 2037 644 2080 Sed
673 2039 780 2080 illud
809 2042 1109 2094 aro-umentum
1139 2039 1377 2093 qualecum-

96 2108 177 2148 que
214 2108 268 2135 ne
305 2093 472 2148 pondus
509 2094 664 2136 habere
703 2095 915 2150 videatur,
953 2095 1039 2136 iam
1077 2095 1376 2137 demonstrabo

91 2164 182 2191 non
210 2164 334 2204 posse
371 2152 666 2192 centimetrum
695 2152 818 2193 illum
846 2178 901 2182 —
932 2166 1058 2206 quem
1088 2152 1178 2206 ipse
1208 2151 1379 2193 vocavit

90 2208 239 2248 auctor
257 2232 312 2237 —-
334 2207 536 2261 scriptum
567 2222 656 2249 esse
686 2223 711 2249 a
732 2207 891 2250 Servio.
932 2208 982 2249 Id
1014 2223 1088 2250 cur
1117 2221 1271 2263 negem
1290 2210 1376 2248 tres

88 2262 361 2316 potissimum
391 2277 538 2305 causas
568 2263 717 2306 habeo.
