1561 2511
152 69 179 108 2
658 72 876 107 NAMATIA
882 72 933 107 NI

214 178 391 221 Securos
420 179 554 220 levius
585 180 744 220 crimen
775 183 1042 221 contemnere
1074 181 1203 221 cives:

267 235 483 276 Privatam
513 238 710 289 repetunt
739 236 907 290 publica
938 236 1090 277 damna
1119 236 1256 277 fidem.

158 300 199 330 25
217 291 466 332 Praesentes
496 291 689 332 lacrimas
721 292 842 332 tectis
874 292 1071 333 debemus
1101 293 1244 333 avitis:

264 347 443 388 Prodest
472 347 711 388 admonitus
743 362 866 401 saepe
897 348 1040 389 dolore
1070 348 1202 389 favor.

208 403 297 444 Nec
328 403 392 444 fas
422 403 599 444 ulterius
628 404 779 458 longas
808 404 969 444 nescire
999 404 1161 457 ruinas,

266 458 376 508 Quas
407 474 526 500 mora
556 474 780 512 suspensae
810 459 1109 513 multiplicavit
1139 460 1242 513 opis.

207 515 296 556 Iam
326 518 492 569 tempus
523 515 673 555 laceris
703 517 801 568 post
830 529 955 556 saeva
984 515 1178 556 incendia
1206 515 1349 557 fundis

152 580 194 610 30
266 570 347 612 Vel
380 571 612 624 pastorales
644 570 861 612 aedificare
893 585 1021 611 casas.

207 627 293 681 Ipsi
325 627 429 680 quin
460 627 588 667 etiam
617 626 757 667 fontes
789 627 823 667 si
853 627 1020 667 mittere
1051 641 1216 680 vocem,

262 683 441 736 Ipsaque
472 683 507 723 si
537 685 710 736 possent
737 683 887 724 arbuta
915 686 1061 723 nostra
1090 683 1228 736 loqui:

210 738 454 780 Cessantem
485 739 606 779 iustis
636 741 835 792 poterant
863 752 1013 793 urgere
1045 739 1242 792 querelis,

262 795 319 836 Et
350 794 564 835 desideriis
595 794 745 836 addere
776 795 870 835 vela
899 795 1015 835 meis.

150 851 384 891 351311113111
414 851 557 892 lassati
589 865 707 892 carae
738 851 1026 904 complexibus
1056 851 1172 891 urbis

262 906 504 959 Vincimur,
537 910 577 947 et
609 921 747 947 serum
777 907 848 946 vix
878 906 1106 947 toleramus
1136 907 1226 947 iter.

203 963 398 1004 Electum
428 963 623 1017 pelagus:
656 963 857 1016 quoniam
886 965 1055 1003 terrena
1084 963 1247 1003 viarum

261 1019 396 1059 Plana
425 1018 596 1059 madent
625 1019 786 1071 fluviis,
819 1019 1010 1059 cautibus
1042 1018 1127 1059 alta
1156 1019 1307 1073 rigent.

204 1075 436 1129 Postquam
455 1074 614 1115 Tuscus
643 1088 744 1129 ager
760 1077 1068 1128 postquamque
1083 1075 1282 1115 Aurelius
1299 1089 1434 1130 agger

148 1140 191 1170 40
264 1131 492 1184 Perpessus
523 1130 691 1171 Geticas
723 1145 820 1172 01130
851 1130 918 1170 vel
948 1131 1046 1185 igne
1076 1145 1226 1171 manus

203 1186 304 1228 Non
325 1187 451 1228 silvas
473 1186 687 1239 domibus,
718 1202 807 1227 non
836 1186 1011 1226 fiumina
1031 1189 1161 1240 ponte
1192 1186 1405 1228 cohercet:

259 1243 426 1284 Incerto
460 1243 591 1283 satius
623 1243 788 1284 credere
818 1243 912 1283 vela
941 1243 1058 1283 mari.

206 1298 363 1341 Crebra
393 1299 681 1353 relinquendis
713 1299 928 1353 infigimus
960 1299 1101 1339 oscula
1131 1299 1287 1352 portis:

260 1355 392 1396 Inviti
423 1358 623 1409 superant
652 1333 820 1396 liminati
832 1369 947 1395 sacra
976 1354 1115 1407 pedes.

147 1420 189 1449 45
209 1411 389 1452 Oramus
419 1411 587 1452 veniam
616 1411 801 1452 lacrimis
832 1414 874 1451 et
902 1410 1024 1451 laude
1054 1410 1244 1463 litamus,

258 1468 309 1508 In
341 1470 546 1531 quantum
576 1468 699 1508 fletus
730 1481 895 1508 cur··1eie
926 1467 1054 1507 verba
1084 1467 1196 1506 sinit

201 1523 388 1577 Exaudi
419 1524 567 1577 regina
595 1524 659 1564 tui
689 1523 972 1577 pulcherrima
1002 1522 1169 1575 mundi,

256 1580 373 1620 Inter
404 1579 587 1620 sidereos
617 1579 754 1620 Roma
783 1582 951 1632 recepta
979 1579 1120 1632 polos·

200 1635 387 1689 Exaudi,
427 1636 620 1690 genetrix
651 1636 891 1688 hominum,
931 1635 1205 1689 genetrixque
1237 1633 1423 1675 deorum.

145 1701 188 1731 50
260 1691 361 1732 Non
392 1692 541 1745 procul
572 1707 596 1732 a
626 1692 742 1733 caelo
772 1705 848 1754 per
877 1669 956 1731 tua
979 1689 1138 1743 templa
1168 1704 1322 1731 sumus.

201 1748 259 1788 Te
282 1748 470 1788 canimus
492 1762 757 1801 semperque
788 1747 929 1787 sinent
950 1746 1049 1786 dum
1068 1746 1176 1799 fata,
1209 1759 1425 1787 canemus:

257 1802 409 1857 Sospes
439 1818 564 1844 nemo
595 1806 736 1857 potest
764 1803 986 1843 immemor
1017 1816 1104 1842 esse
1134 1779 1209 1842 tiii.

203 1859 433 1901 Obruerint
463 1860 588 1900 citius
618 1860 820 1900 scelerata
851 1859 1007 1899 oblivia
1037 1858 1188 1911 solem,

258 1915 392 1964 Quam
423 1919 521 1956 tuus
553 1930 603 1956 ex
633 1918 780 1957 nostro
812 1914 935 1956 corde
966 1913 1133 1955 recedat
1162 1914 1311 1955 honos.

146 1981 186 2011 55
206 1971 318 2013 Nam
349 1972 448 2013 solis
479 1971 606 2012 radiis
637 1971 830 2025 aequalia
858 1985 1034 2011 munera
1063 1970 1223 2023 tendis,

257 2027 348 2076 Qua
378 2028 655 2068 circumfusus
686 2028 862 2068 fluctuat
894 2026 1098 2067 Oceanus.

201 2084 402 2125 Volvitur
432 2084 520 2137 ipse
550 2083 648 2137 tibi,
681 2084 753 2137 qui
784 2083 974 2124 continet
1005 2082 1167 2135 omnia,
1206 2081 1432 2134 Phoebus,

254 2140 374 2194 Eque
405 2141 489 2180 tuis
521 2143 635 2181 ortos
666 2140 711 2180 in
740 2143 815 2180 tua
843 2139 990 2180 condit
1019 2152 1162 2192 equos.

200 2196 258 2237 Te
287 2210 377 2237 non
406 2196 678 2251 flammigeris
708 2195 840 2250 Libye
870 2194 1055 2236 tardavit
1083 2194 1270 2247 harenis,

144 2261 186 2291 61)
261 2251 363 2293 Non
394 2255 555 2294 armata
587 2267 662 2293 suo
692 2251 879 2305 reppulit
908 2250 1018 2292 Vrsa
1047 2250 1164 2304 gelu:
