1561 2511
171 58 226 98 46
700 63 924 99 SERENVS.

173 168 379 223 Scaliger,
413 169 575 210 ‘caelo'
604 170 673 210 vel
704 170 850 211 ‘cede’
890 171 979 213 cdd.
1011 198 1064 201 —
1103 173 1229 214 ‘solo
1273 188 1346 215 cor
1374 176 1446 217 iit'

171 224 283 265 idem
314 224 437 279 (<iet2
470 238 563 279 ego,
594 226 646 266 cf.
673 226 710 267 d.
732 241 764 267 r.
787 242 841 268 m.
863 228 977 282 403),
1010 229 1094 269 ‘sol
1126 229 1328 270 occurrit'
1361 232 1447 273 sive

173 281 330 321 esolem
361 284 572 322 occurret’
604 282 762 336 scripti.

200 336 237 377 9.
317 336 467 390 quodsi
503 337 582 378 tibi
619 338 740 392 virgo
781 338 928 379 favens
970 342 1126 381 reseret
1155 341 1237 382 cita
1268 342 1450 384 claustra

975 397 1199 450 puerperii.

255 447 482 489 Diomedes
504 462 574 503 pg.
596 449 679 490 516
701 448 847 490 Sereni
868 450 982 491 aliud
1001 451 1106 492 tale:
1129 452 1278 506 quodsi
1301 468 1334 494 e.
1358 468 1396 508 q.
1415 468 1446 495 s.

170 528 223 533 ——
261 503 330 544 hic
363 504 399 544 si
435 504 620 557 primum
654 505 910 558 semipedem
945 506 1159 561 detrahas,
1202 509 1281 550 erit
1312 509 1447 550 simile

169 560 363 613 proximo
386 560 592 613 superiori
614 560 689 614 (3).
721 586 775 590 —-
807 562 973 616 ‘virgo',
1001 562 1152 604 Diana.
1184 590 1239 593 ——
1269 565 1446 606 ‘favens'

170 615 499 669 Wemsdorfius‚
531 615 744 657 ‘fervens'
776 617 865 658 edd.

173 672 234 712 10.
314 671 385 725 qui
423 671 647 726 naufragio
686 672 926 714 naviculam
963 673 1102 715 aufers
1131 674 1309 717 Picenae
1340 692 1447 718 mar-

975 730 1087 784 ginis
1118 734 1223 772 acta.

253 783 481 824 Diomedes
511 797 580 838 pg.
603 784 697 825 516.
739 783 920 826 Serenus
950 785 1052 827 fecit
1085 786 1328 828 huiusmodi
1357 803 1446 829 ver-

170 854 281 880 sum:
314 840 386 893 qui
416 854 450 880 e.
474 854 512 893 q.
536 854 566 881 s.
589 841 781 893 superius
812 854 976 882 comma
1006 844 1069 882 est
1099 857 1150 883 ex
1179 844 1446 896 anapaestico

169 896 338 937 chorico
370 895 420 936 de
442 910 525 949 quo
557 910 684 949 supra
714 896 872 938 dictum
903 900 975 938 est.
1018 913 1117 939 nam
1147 899 1227 939 hoc
1259 900 1347 953 ‘qui
1374 914 1447 941 na-

168 951 331 1006 vigium
360 952 558 992 navicula
587 952 751 993 aufers'
783 953 919 993 simile
950 956 1014 994 est
1042 954 1105 994 1111
1135 954 1296 995 ‘audax
1323 955 1446 996 nimi—

169 1023 240 1048 um
271 1008 344 1062 qui
379 1008 489 1048 freta
516 1007 711 1061 primus'.
767 1008 944 1050 inferius
973 1012 1115 1051 autem
1143 1025 1308 1052 comma
1335 1011 1448 1065 quod

169 1067 232 1104 est
251 1064 334 1105 tale
357 1067 367 1083 ⁶
380 1064 562 1105 Picenae
582 1064 786 1119 marginis
808 1067 921 1106 acta'
945 1065 1081 1107 simile
1105 1069 1168 1107 est
1187 1066 1251 1107 illi
1272 1071 1282 1088 ἲ
1295 1067 1447 1108 Troiae

168 1120 241 1174 qui
270 1120 432 1174 primus
462 1120 515 1160 ab
547 1120 667 1161 oris'.
698 1147 753 1151 —
784 1121 1024 1176 ‘naufragio
1054 1123 1316 1164 naviculam’
1349 1124 1446 1164 scri-

167 1176 253 1229 psi,
286 1176 527 1231 ‘navigium
565 1176 782 1217 navicula’
823 1176 913 1218 cdd.
953 1181 1128 1232 excepto
1166 1178 1280 1232 quod
1308 1182 1447 1233 poste-

167 1232 277 1273 riore
298 1232 392 1273 loco
416 1232 642 1286 ‘navigius’
672 1233 779 1273 alter
798 1233 1027 1275 Parisinus,
1069 1234 1297 1275 ‘Picenae'
1320 1235 1445 1288 docti,

168 1289 314 1343 scripti
347 1288 572 1329 ‘Picenee'
606 1289 673 1329 vel
704 1289 869 1330 similia.

170 1346 232 1386 11.
396 1344 584 1385 animula
612 1345 811 1386 miserula
840 1346 1076 1399 properiter
1105 1346 1221 1387 abiit.

251 1400 480 1442 Diomedes
516 1414 587 1455 pg.
619 1401 700 1442 513
737 1402 1139 1455 proceleumaticum
1170 1405 1352 1443 metrum
1383 1405 1446 1443 est

169 1457 293 1511 quale
323 1457 426 1498 fecit
455 1455 648 1498 Serenus.
689 1457 886 1502 Eundem
916 1472 1083 1499 versum
1113 1458 1246 1511 ipsius
1276 1458 1343 1499 vel
1372 1473 1445 1512 po-

166 1514 250 1554 tius
280 1513 551 1554 librariorum
581 1527 721 1554 errore
742 1539 797 1543 —
827 1513 877 1554 de
908 1528 991 1567 qua
1020 1529 1064 1555 re
1096 1514 1278 1555 diximus
1308 1529 1444 1568 nuper

167 1569 219 1610 ad
250 1568 406 1611 Catulli
436 1568 589 1623 LXIV,
613 1569 696 1610 235
725 1595 779 1599 -—
808 1569 976 1611 Nonius
1005 1584 1075 1625 pg.
1105 1571 1184 1611 :317
1217 1585 1248 1611 s.
1280 1585 1318 1611 V.
1349 1585 1444 1623 pro-

166 1626 324 1679 periter
355 1625 555 1666 adscribit
585 1624 764 1667 Catullo.
805 1628 995 1679 ‘propter
1024 1626 1118 1667 iter’
1153 1625 1242 1667 cdd.
1272 1625 1443 1667 Diome-

167 1682 241 1723 dis.
273 1681 425 1722 ‘abiit'
456 1680 775 1735 Lachmannus,
808 1682 946 1723 ‘abit'
977 1681 1165 1734 Nonius,
1206 1682 1343 1723 ‘obit’
1377 1682 1443 1722 vel

168 1737 322 1779 ‘obiit’
354 1737 452 1778 libri
482 1737 714 1779 Diomedis.
765 1737 828 1779 Cf.
849 1737 980 1779 Hadr.
1002 1738 1040 1791 3,
1063 1743 1100 1779 3.
1134 1763 1187 1767 —
1218 1736 1300 1779 Sed
1330 1738 1443 1778 enim

170 1808 224 1835 ne
255 1793 360 1834 illud
390 1793 560 1847 quidem
587 1793 701 1847 quod
731 1796 795 1834 est
824 1794 977 1834 ‘obiit’
1008 1793 1117 1834 male
1147 1793 1302 1834 habere
1333 1808 1443 1834 com-

166 1850 371 1904 probatur
390 1849 597 1890 versiculo
629 1851 759 1902 ‘perit
787 1849 876 1890 abit
905 1849 1092 1903 avipedis
1113 1850 1302 1890 animula
1330 1850 1442 1903 lepo-

166 1906 260 1947 ris'.
292 1931 346 1935 —
378 1904 574 1947 Ceterum
604 1905 794 1946 imitatus
825 1908 887 1946 est
915 1906 998 1946 hoc
1028 1919 1198 1946 carmen
1226 1906 1443 1947 Ausonius

166 1962 370 2016 parental.
402 1961 475 2015 27,
509 1963 530 2001 1
564 1964 629 2002 ‘et
658 1961 789 2002 amita
819 1961 1003 2003 Veneria
1031 1962 1269 2015 properiter
1299 1962 1441 2003 obiit'.

170 2019 233 2059 12.
397 2017 523 2073 [perit
552 2018 641 2058 abit
669 2017 857 2071 avipedis
886 2018 1073 2058 animula
1102 2016 1273 2073 leporis]

165 2074 281 2115 Haec
325 2075 454 2115 verba
497 2073 550 2114 ad
592 2074 956 2127 proceleusmatici
993 2075 1160 2115 numeri
1203 2074 1442 2127 exemplum

166 2130 287 2171 affert
315 2129 594 2171 Terentianus
623 2144 662 2171 v,
696 2130 804 2171 1464
840 2132 882 2171 et
918 2133 1084 2171 secutus
1113 2130 1228 2171 hunc
1258 2129 1439 2171 Victori—

167 2201 247 2227 nus
277 2200 346 2241 pg.
372 2186 463 2227 134.
487 2185 581 2239 202,
605 2185 762 2228 Sereno
794 2186 994 2227 adscribit
1013 2185 1250 2231 Martianus
1271 2184 1443 2239 Capella

165 2256 235 2297 pg.
270 2243 346 2283 171
380 2241 442 2283 ed.
464 2241 598 2296 Eyss.,
631 2242 703 2296 qui
734 2242 989 2297 aliquotiens
1018 2257 1117 2283 usus
1147 2242 1321 2283 metrico
1352 2241 1438 2282 1110.
