1561 2511
562 53 704 87 LIBER
732 52 924 89 PRIMVS.
1342 53 1391 93 17

164 161 384 214 Gaudent,
416 163 459 201 et
489 160 647 213 duplici
677 160 898 201 sedulitate
929 160 1090 203 fovent.

104 217 223 259 Haec
255 218 417 270 eadem,
449 229 545 256 cum
575 215 809 257 Flaminiae
840 217 1085 272 regionibus
1116 218 1239 272 irem,

164 272 407 328 Splendoris
438 271 565 325 patrii
596 286 720 325 saepe
751 275 919 326 reperta
949 273 1070 314 fides:

105 330 279 372 Famam
309 327 513 369 Lachanii
543 331 769 369 veneratur
798 329 986 370 numinis
1017 330 1152 371 instar
1325 340 1390 371 595

161 387 278 427 Inter
307 383 569 439 Tybrigenas
600 384 736 438 Lydia
765 387 856 426 tota
886 399 995 426 suos.

107 443 237 484 Grata
266 440 390 481 bonis
420 440 582 494 priscos
612 440 769 482 retinet
797 441 1020 495 provincia
1049 456 1187 484 mores

160 497 386 552 Dignaque
417 499 600 538 rectores
631 511 796 550 semper
825 497 981 539 habere
1012 498 1167 552 bonos,

106 553 250 602 Qualis
282 567 396 593 nunc
426 552 600 606 Decius,
632 552 786 594 Lucilli
817 554 962 595 nobile
993 555 1170 609 pignus,

158 609 241 650 Per
273 608 419 663 Coi-yffi
449 609 631 662 populos
662 624 763 650 arva
791 609 915 651 beata
945 611 1067 665 regit.
1326 621 1392 652 600

101 665 193 707 Nec
223 665 398 719 mirum,
429 666 575 720 magni
607 665 641 706 si
671 665 858 706 redditus
888 666 1031 708 indole
1062 668 1152 708 nati

158 721 280 762 Felix
310 723 398 762 tam
428 721 556 762 simili
585 722 834 775 posteritate
865 725 996 776 pater.

101 777 240 819 Huius
270 777 482 818 vulnificis
513 778 641 818 satira
671 778 842 819 ludente
873 777 1069 820 Camenis

157 833 247 875 Nec
278 833 446 874 Turnus
475 833 618 887 potior
655 848 733 875 nec
762 834 977 876 Iuvenalis
1018 835 1109 876 erit.

102 889 307 931 Restituit
336 892 522 930 veterem
553 890 745 931 censoria
774 890 876 931 lima
904 891 1130 944 pudorem:
1324 902 1389 933 605

159 945 357 999 Dumque
388 945 523 987 malos
554 946 707 1000 carpit,
739 947 946 1001 praecipit
977 961 1065 988 esse
1095 948 1244 990 bonos.

99 1002 195 1043 Non
227 1002 329 1043 olim
361 1002 467 1043 sacri
497 1002 752 1043 iustissimus
783 1003 940 1044 arbiter
970 1004 1062 1044 auri

158 1058 526 1100 Circumsistentes
556 1058 744 1112 reppulit
773 1059 1004 1113 harpyias?

99 1114 330 1168 Harpyias,
363 1128 541 1168 quarum
573 1114 824 1168 discerpitur
854 1115 1068 1170 unguibus
1101 1117 1234 1170 orbis,

157 1169 272 1219 Quae
304 1170 410 1224 pede
441 1170 634 1225 glutineo
667 1171 781 1224 quod
809 1171 988 1226 tetigere
1018 1172 1216 1214 trahunt:
1322 1181 1389 1213 610

99 1225 215 1275 Quae
245 1227 409 1267 luscum
438 1226 602 1267 faciunt
631 1228 818 1282 Argum,
857 1242 964 1282 quae
994 1227 1166 1282 Lyncea
1196 1243 1387 1271 caecum:

153 1282 271 1324 Inter
300 1282 522 1324 custodum
551 1283 722 1337 publica
750 1283 866 1324 furta
896 1284 1055 1325 volant.
1150 1281 1163 1297 ““

98 1337 180 1380 Sed
208 1353 297 1380 non
327 1338 538 1380 Lucillum
569 1339 760 1380 Briareia
788 1339 945 1393 praeda
975 1340 1153 1394 fefellit,

155 1394 320 1448 Totque
351 1395 477 1435 simul
507 1396 702 1436 manibus
731 1396 888 1437 restitit
917 1411 1003 1437 una
1033 1411 1196 1438 manus.

96 1450 271 1505 Iamque
302 1450 575 1492 Triturritam
605 1451 755 1493 Pisaea
785 1466 836 1493 ex
865 1453 969 1494 urbe
1000 1467 1213 1507 reversus,
1321 1462 1386 1494 615

153 1507 368 1561 Aptabam
397 1507 533 1548 nitido
564 1508 750 1561 pendula
780 1508 875 1549 vela
903 1508 1043 1550 Noto:

97 1562 205 1605 Cum
236 1563 385 1604 subitis
415 1566 552 1605 tectus
582 1564 738 1605 nimbis
768 1564 980 1606 insorduit
1011 1565 1178 1619 aether3

153 1618 408 1673 Sparserunt
436 1619 577 1660 radios
606 1621 755 1661 nubila
783 1624 909 1675 rupta
939 1635 1083 1676 vagos.

98 1674 384 1716 Substitimus.
446 1674 548 1724 Quis
580 1677 693 1717 enim
723 1677 800 1718 sub
831 1680 1081 1731 tempestate
1113 1677 1302 1733 maligna

152 1730 404 1773 Insanituris
436 1731 588 1773 audeat
617 1732 678 1773 ire
708 1733 864 1774 fretis?
1318 1743 1385 1775 620

98 1785 198 1828 Otia
227 1788 377 1829 vicinis
407 1788 583 1829 terimus
612 1789 781 1830 navalia
814 1789 950 1844 silvis,

153 1842 455 1898 Sectandisque
486 1845 605 1886 iuvat
634 1846 822 1887 membra
852 1860 1021 1887 movere
1052 1846 1165 1887 feris.

94 1898 382 1941 Instrumenta
410 1903 533 1955 parat
561 1901 746 1943 venandi
777 1902 926 1943 vilicus
956 1902 1112 1956 hospes

150 1956 293 2010 Atque
325 1956 483 1998 olidum
515 1956 658 1999 doctas
688 1973 812 2000 nosse
843 1959 980 2000 cubile
1012 1973 1147 2000 canes.

93 2010 304 2053 Funditur
333 2013 496 2054 insidiis
527 2016 569 2055 et
597 2029 693 2055 rara
721 2014 868 2056 fraude
898 2015 1121 2070 plagarum
1313 2023 1380 2055 625

151 2068 452 2123 Terribilisque
483 2069 594 2111 cadit
622 2070 800 2112 fulmine
833 2071 970 2112 dentis
1002 2086 1121 2125 aper,

95 2123 229 2173 Quem
259 2124 489 2180 Meleagrei
519 2130 746 2168 vereantur
776 2126 890 2168 adire
921 2128 1089 2181 lacerti,

152 2179 233 2229 Qui
264 2181 376 2223 laxet
405 2182 538 2224 nodos
569 2183 992 2238 Amphitryoniadae.

93 2235 202 2278 Tum
231 2252 507 2292 responsuros
538 2240 744 2293 persultat
772 2241 928 2282 bucina
959 2244 1126 2282 montes
1135 2273 1145 2293 ,

163 2328 336 2354 NAMA‘HAN
341 2336 382 2355 vs.
1091 2322 1110 2352 2
