<?xml version="1.0" encoding="UTF-8"?>
<!DOCTYPE html PUBLIC "-//W3C//DTD XHTML 1.0 Transitional//EN"
    "http://www.w3.org/TR/xhtml1/DTD/xhtml1-transitional.dtd">
<html xmlns="http://www.w3.org/1999/xhtml" xml:lang="en" lang="en">
 <head>
  <title>
</title>
<meta http-equiv="Content-Type" content="text/html;charset=utf-8" />
  <meta name='ocr-system' content='tesseract 3.04.00' />
  <meta name='ocr-capabilities' content='ocr_page ocr_carea ocr_par ocr_line ocrx_word'/>
</head>
<body>
  <div class='ocr_page' id='page_1' title='image "./dereditusuolibri00rutiuoft_0073.png"; bbox 0 0 1561 2511; ppageno 0'>
   <div class='ocr_carea' id='block_1_1' title="bbox 554 59 1432 101">
    <p class='ocr_par' dir='ltr' id='par_1_1' title="bbox 554 59 1432 101">
     <span class='ocr_line' id='line_1_1' title="bbox 554 59 1432 101; baseline 0.003 -3"><span class='ocrx_word' id='word_1_1' title='bbox 554 63 746 99; x_wconf 79' lang='lat' dir='ltr'>INCERTI</span> <span class='ocrx_word' id='word_1_2' title='bbox 766 62 1030 98; x_wconf 80' lang='lat' dir='ltr'>AVCTORES.</span> <span class='ocrx_word' id='word_1_3' title='bbox 1379 59 1432 101; x_wconf 80' lang='grc'>57</span> 
     </span>
    </p>
   </div>
   <div class='ocr_carea' id='block_1_2' title="bbox 149 170 1437 955">
    <p class='ocr_par' dir='ltr' id='par_1_2' title="bbox 149 170 1436 773">
     <span class='ocr_line' id='line_1_2' title="bbox 149 170 1433 225; baseline 0 -13"><span class='ocrx_word' id='word_1_4' title='bbox 149 173 257 213; x_wconf 86' lang='lat' dir='ltr'>leius</span> <span class='ocrx_word' id='word_1_5' title='bbox 296 172 348 213; x_wconf 87' lang='lat' dir='ltr'>ad</span> <span class='ocrx_word' id='word_1_6' title='bbox 385 172 489 213; x_wconf 86' lang='lat' dir='ltr'>Hor.</span> <span class='ocrx_word' id='word_1_7' title='bbox 530 185 563 213; x_wconf 89' lang='lat' dir='ltr'>c.</span> <span class='ocrx_word' id='word_1_8' title='bbox 595 170 678 225; x_wconf 80' lang='lat' dir='ltr'>III,</span> <span class='ocrx_word' id='word_1_9' title='bbox 713 170 786 224; x_wconf 80' lang='lat'>12,</span> <span class='ocrx_word' id='word_1_10' title='bbox 821 171 842 211; x_wconf 86' lang='lat'>1</span> <span class='ocrx_word' id='word_1_11' title='bbox 882 173 1021 211; x_wconf 86' lang='lat' dir='ltr'>totum</span> <span class='ocrx_word' id='word_1_12' title='bbox 1057 170 1345 225; x_wconf 75' lang='lat' dir='ltr'><strong>fragmentum</strong></span> <span class='ocrx_word' id='word_1_13' title='bbox 1384 184 1433 212; x_wconf 92' lang='lat' dir='ltr'>eo</span> 
     </span>
     <span class='ocr_line' id='line_1_3' title="bbox 149 226 1436 280; baseline -0.001 -11"><span class='ocrx_word' id='word_1_14' title='bbox 149 228 276 269; x_wconf 88' lang='lat' dir='ltr'>modo</span> <span class='ocrx_word' id='word_1_15' title='bbox 315 227 537 269; x_wconf 85' lang='lat' dir='ltr'>constituit</span> <span class='ocrx_word' id='word_1_16' title='bbox 574 241 699 280; x_wconf 86' lang='lat' dir='ltr'>quem</span> <span class='ocrx_word' id='word_1_17' title='bbox 743 226 825 280; x_wconf 89' lang='lat' dir='ltr'>ipsi</span> <span class='ocrx_word' id='word_1_18' title='bbox 862 226 1149 279; x_wconf 82' lang='lat' dir='ltr'>probavimus.</span> <span class='ocrx_word' id='word_1_19' title='bbox 1208 226 1352 267; x_wconf 88' lang='lat' dir='ltr'>Possis</span> <span class='ocrx_word' id='word_1_20' title='bbox 1394 230 1436 268; x_wconf 89' lang='lat' dir='ltr'>et</span> 
     </span>
     <span class='ocr_line' id='line_1_4' title="bbox 152 281 1436 337; baseline -0.002 -12"><span class='ocrx_word' id='word_1_21' title='bbox 152 284 276 326; x_wconf 85' lang='lat' dir='ltr'>aliter</span> <span class='ocrx_word' id='word_1_22' title='bbox 297 284 541 337; x_wconf 88' lang='lat' dir='ltr'>dispescere.</span> <span class='ocrx_word' id='word_1_23' title='bbox 585 281 665 323; x_wconf 79' lang='lat' dir='ltr'>Sed</span> <span class='ocrx_word' id='word_1_24' title='bbox 687 282 882 323; x_wconf 84' lang='lat' dir='ltr'>Bentleio</span> <span class='ocrx_word' id='word_1_25' title='bbox 905 296 953 322; x_wconf 88' lang='lat' dir='ltr'>ea</span> <span class='ocrx_word' id='word_1_26' title='bbox 973 282 1155 323; x_wconf 77' lang='lat' dir='ltr'>maxime</span> <span class='ocrx_word' id='word_1_27' title='bbox 1186 296 1311 324; x_wconf 82' lang='lat' dir='ltr'>causa</span> <span class='ocrx_word' id='word_1_28' title='bbox 1341 283 1436 323; x_wconf 85' lang='lat' dir='ltr'>sub-</span> 
     </span>
     <span class='ocr_line' id='line_1_5' title="bbox 152 338 1436 393; baseline -0.002 -11"><span class='ocrx_word' id='word_1_29' title='bbox 152 341 390 393; x_wconf 76' lang='lat' dir='ltr'>scribimus,</span> <span class='ocrx_word' id='word_1_30' title='bbox 431 338 544 393; x_wconf 87' lang='lat' dir='ltr'>quod</span> <span class='ocrx_word' id='word_1_31' title='bbox 580 339 640 380; x_wconf 86' lang='lat' dir='ltr'>ita</span> <span class='ocrx_word' id='word_1_32' title='bbox 683 353 881 379; x_wconf 80' lang='lat' dir='ltr'>versuum</span> <span class='ocrx_word' id='word_1_33' title='bbox 921 341 963 379; x_wconf 88' lang='lat' dir='ltr'>et</span> <span class='ocrx_word' id='word_1_34' title='bbox 1000 352 1198 379; x_wconf 88' lang='lat' dir='ltr'>sensuum</span> <span class='ocrx_word' id='word_1_35' title='bbox 1236 339 1341 379; x_wconf 89' lang='lat' dir='ltr'>fines</span> <span class='ocrx_word' id='word_1_36' title='bbox 1371 341 1436 379; x_wconf 86' lang='lat' dir='ltr'>ter</span> 
     </span>
     <span class='ocr_line' id='line_1_6' title="bbox 152 393 1436 448; baseline -0.002 -11"><span class='ocrx_word' id='word_1_37' title='bbox 152 395 435 438; x_wconf 79' lang='lat' dir='ltr'>consentiunt.</span> <span class='ocrx_word' id='word_1_38' title='bbox 497 394 693 436; x_wconf 85' lang='lat' dir='ltr'>Ceterum</span> <span class='ocrx_word' id='word_1_39' title='bbox 732 394 846 448; x_wconf 89' lang='lat' dir='ltr'>quod</span> <span class='ocrx_word' id='word_1_40' title='bbox 883 393 1049 435; x_wconf 83' lang='lat' dir='ltr'>dubitat</span> <span class='ocrx_word' id='word_1_41' title='bbox 1083 394 1155 435; x_wconf 90' lang='lat' dir='ltr'>ille</span> <span class='ocrx_word' id='word_1_42' title='bbox 1165 428 1176 448; x_wconf 69' lang='lat'><em>7</em></span> <span class='ocrx_word' id='word_1_43' title='bbox 1214 394 1260 435; x_wconf 92' lang='lat' dir='ltr'>hi</span> <span class='ocrx_word' id='word_1_44' title='bbox 1291 409 1436 436; x_wconf 83' lang='lat' dir='ltr'>versus</span> 
     </span>
     <span class='ocr_line' id='line_1_7' title="bbox 151 449 1435 507; baseline -0.001 -14"><span class='ocrx_word' id='word_1_45' title='bbox 151 453 283 507; x_wconf 84' lang='lat' dir='ltr'>ipsius</span> <span class='ocrx_word' id='word_1_46' title='bbox 322 452 407 492; x_wconf 85' lang='lat' dir='ltr'>sint</span> <span class='ocrx_word' id='word_1_47' title='bbox 437 451 681 492; x_wconf 84' lang='lat' dir='ltr'>Terentiani</span> <span class='ocrx_word' id='word_1_48' title='bbox 719 465 774 491; x_wconf 87' lang='lat' dir='ltr'>an</span> <span class='ocrx_word' id='word_1_49' title='bbox 805 449 972 504; x_wconf 75' lang='lat' dir='ltr'>Sereni,</span> <span class='ocrx_word' id='word_1_50' title='bbox 1013 464 1092 505; x_wconf 83' lang='lat' dir='ltr'>ego</span> <span class='ocrx_word' id='word_1_51' title='bbox 1123 452 1315 491; x_wconf 86' lang='lat' dir='ltr'>neutrius</span> <span class='ocrx_word' id='word_1_52' title='bbox 1346 465 1435 492; x_wconf 92' lang='lat' dir='ltr'>esse</span> 
     </span>
     <span class='ocr_line' id='line_1_8' title="bbox 153 506 1436 561; baseline -0.002 -11"><span class='ocrx_word' id='word_1_53' title='bbox 153 508 371 561; x_wconf 81' lang='lat' dir='ltr'>existimo3</span> <span class='ocrx_word' id='word_1_54' title='bbox 403 522 555 561; x_wconf 81' lang='lat' dir='ltr'>nempe</span> <span class='ocrx_word' id='word_1_55' title='bbox 587 507 788 548; x_wconf 87' lang='lat' dir='ltr'>abhorret</span> <span class='ocrx_word' id='word_1_56' title='bbox 817 522 841 547; x_wconf 83' lang='lat' dir='ltr'>a</span> <span class='ocrx_word' id='word_1_57' title='bbox 871 506 1079 548; x_wconf 87' lang='lat' dir='ltr'>modestia</span> <span class='ocrx_word' id='word_1_58' title='bbox 1108 507 1222 547; x_wconf 89' lang='lat' dir='ltr'>illius</span> <span class='ocrx_word' id='word_1_59' title='bbox 1244 507 1436 561; x_wconf 84' lang='lat' dir='ltr'>exempla</span> 
     </span>
     <span class='ocr_line' id='line_1_9' title="bbox 153 563 1435 618; baseline -0.002 -13"><span class='ocrx_word' id='word_1_60' title='bbox 153 579 202 606; x_wconf 78' lang='lat' dir='ltr'>ex</span> <span class='ocrx_word' id='word_1_61' title='bbox 246 564 430 618; x_wconf 86' lang='lat' dir='ltr'>propriis</span> <span class='ocrx_word' id='word_1_62' title='bbox 476 563 732 605; x_wconf 81' lang='lat' dir='ltr'>carminibus</span> <span class='ocrx_word' id='word_1_63' title='bbox 776 563 909 617; x_wconf 83' lang='lat' dir='ltr'>petita</span> <span class='ocrx_word' id='word_1_64' title='bbox 951 563 1135 604; x_wconf 88' lang='lat' dir='ltr'>inserere</span> <span class='ocrx_word' id='word_1_65' title='bbox 1179 563 1312 617; x_wconf 76' lang='lat' dir='ltr'>libro3</span> <span class='ocrx_word' id='word_1_66' title='bbox 1357 577 1435 604; x_wconf 88' lang='lat' dir='ltr'>nec</span> 
     </span>
     <span class='ocr_line' id='line_1_10' title="bbox 153 619 1358 674; baseline -0.002 -13"><span class='ocrx_word' id='word_1_67' title='bbox 153 620 349 674; x_wconf 80' lang='lat' dir='ltr'>Septimii</span> <span class='ocrx_word' id='word_1_68' title='bbox 381 634 469 661; x_wconf 91' lang='lat' dir='ltr'>esse</span> <span class='ocrx_word' id='word_1_69' title='bbox 499 634 566 661; x_wconf 91' lang='lat' dir='ltr'>res</span> <span class='ocrx_word' id='word_1_70' title='bbox 595 619 769 660; x_wconf 89' lang='lat' dir='ltr'>bellicas</span> <span class='ocrx_word' id='word_1_71' title='bbox 800 633 949 660; x_wconf 89' lang='lat' dir='ltr'>canere</span> <span class='ocrx_word' id='word_1_72' title='bbox 981 619 1084 660; x_wconf 89' lang='lat' dir='ltr'>alias</span> <span class='ocrx_word' id='word_1_73' title='bbox 1114 619 1358 660; x_wconf 79' lang='lat' dir='ltr'>memoravi.</span> 
     </span>
     <span class='ocr_line' id='line_1_11' title="bbox 155 675 1066 729; baseline -0.002 -12"><span class='ocrx_word' id='word_1_74' title='bbox 155 677 218 718; x_wconf 82' lang='grc'>13.</span> <span class='ocrx_word' id='word_1_75' title='bbox 558 676 701 729; x_wconf 89' lang='lat' dir='ltr'>opima</span> <span class='ocrx_word' id='word_1_76' title='bbox 730 675 907 729; x_wconf 79' lang='lat' dir='ltr'>adposui</span> <span class='ocrx_word' id='word_1_77' title='bbox 939 690 1066 716; x_wconf 75' lang='lat' dir='ltr'>senex</span> 
     </span>
     <span class='ocr_line' id='line_1_12' title="bbox 556 731 1087 773; baseline 0 -1"><span class='ocrx_word' id='word_1_78' title='bbox 556 732 704 773; x_wconf 84' lang='lat' dir='ltr'>Amori</span> <span class='ocrx_word' id='word_1_79' title='bbox 738 746 855 772; x_wconf 86' lang='lat' dir='ltr'>arma</span> <span class='ocrx_word' id='word_1_80' title='bbox 883 731 1087 773; x_wconf 75' lang='lat' dir='ltr'>Feretrio.</span> 
     </span>
    </p>

    <p class='ocr_par' dir='ltr' id='par_1_3' title="bbox 151 787 1437 955">
     <span class='ocr_line' id='line_1_13' title="bbox 238 787 1437 842; baseline -0.001 -13"><span class='ocrx_word' id='word_1_81' title='bbox 238 789 330 830; x_wconf 88' lang='lat' dir='ltr'>Ter.</span> <span class='ocrx_word' id='word_1_82' title='bbox 371 788 444 829; x_wconf 83' lang='lat' dir='ltr'>ubi</span> <span class='ocrx_word' id='word_1_83' title='bbox 482 788 613 829; x_wconf 85' lang='lat' dir='ltr'>refert</span> <span class='ocrx_word' id='word_1_84' title='bbox 650 788 700 828; x_wconf 93' lang='lat' dir='ltr'>de</span> <span class='ocrx_word' id='word_1_85' title='bbox 737 788 955 842; x_wconf 82' lang='lat' dir='ltr'>glyconeis</span> <span class='ocrx_word' id='word_1_86' title='bbox 994 802 1090 829; x_wconf 88' lang='lat' dir='ltr'>cum</span> <span class='ocrx_word' id='word_1_87' title='bbox 1128 788 1219 828; x_wconf 92' lang='lat' dir='ltr'>basi</span> <span class='ocrx_word' id='word_1_88' title='bbox 1256 787 1437 828; x_wconf 84' lang='lat' dir='ltr'>iambica</span> 
     </span>
     <span class='ocr_line' id='line_1_14' title="bbox 151 843 1040 898; baseline -0.002 -12"><span class='ocrx_word' id='word_1_89' title='bbox 151 860 190 886; x_wconf 81' lang='lat' dir='ltr'>V.</span> <span class='ocrx_word' id='word_1_90' title='bbox 222 845 331 886; x_wconf 80' lang='lat'>2631</span> <span class='ocrx_word' id='word_1_91' title='bbox 365 859 476 898; x_wconf 88' lang='lat' dir='ltr'>sqq.:</span> <span class='ocrx_word' id='word_1_92' title='bbox 508 845 614 886; x_wconf 86' lang='lat' dir='ltr'>alter</span> <span class='ocrx_word' id='word_1_93' title='bbox 644 844 884 885; x_wconf 81' lang='lat' dir='ltr'>consimiles</span> <span class='ocrx_word' id='word_1_94' title='bbox 915 843 1040 885; x_wconf 87' lang='lat' dir='ltr'>dedit.</span> 
     </span>
     <span class='ocr_line' id='line_1_15' title="bbox 156 900 1088 955; baseline -0.001 -13"><span class='ocrx_word' id='word_1_95' title='bbox 156 902 221 942; x_wconf 80' lang='lat'>14.</span> <span class='ocrx_word' id='word_1_96' title='bbox 242 916 266 942; x_wconf 91' lang='lat' dir='ltr'>a</span> <span class='ocrx_word' id='word_1_97' title='bbox 553 915 764 955; x_wconf 83' lang='lat' dir='ltr'>purpurae</span> <span class='ocrx_word' id='word_1_98' title='bbox 793 900 925 955; x_wconf 81' lang='lat' dir='ltr'>leguli</span> <span class='ocrx_word' id='word_1_99' title='bbox 956 915 1088 941; x_wconf 91' lang='lat' dir='ltr'>senes.</span> 
     </span>
    </p>
   </div>
   <div class='ocr_carea' id='block_1_3' title="bbox 154 1035 1437 1427">
    <p class='ocr_par' dir='ltr' id='par_1_4' title="bbox 155 1035 1169 1077">
     <span class='ocr_line' id='line_1_16' title="bbox 155 1035 1169 1077; baseline -0.001 -1"><span class='ocrx_word' id='word_1_100' title='bbox 155 1037 220 1077; x_wconf 78' lang='lat'>14.</span> <span class='ocrx_word' id='word_1_101' title='bbox 239 1036 266 1076; x_wconf 75' lang='lat' dir='ltr'>l]</span> <span class='ocrx_word' id='word_1_102' title='bbox 555 1036 670 1076; x_wconf 86' lang='lat' dir='ltr'>intus</span> <span class='ocrx_word' id='word_1_103' title='bbox 701 1035 770 1076; x_wconf 89' lang='lat' dir='ltr'>hic</span> <span class='ocrx_word' id='word_1_104' title='bbox 800 1035 873 1076; x_wconf 89' lang='lat' dir='ltr'>ubi</span> <span class='ocrx_word' id='word_1_105' title='bbox 905 1035 1169 1076; x_wconf 84' lang='lat' dir='ltr'>consitumst.</span> 
     </span>
    </p>

    <p class='ocr_par' dir='ltr' id='par_1_5' title="bbox 238 1091 1283 1145">
     <span class='ocr_line' id='line_1_17' title="bbox 238 1091 1283 1145; baseline 0 -13"><span class='ocrx_word' id='word_1_106' title='bbox 238 1091 331 1132; x_wconf 86' lang='lat' dir='ltr'>Ter.</span> <span class='ocrx_word' id='word_1_107' title='bbox 362 1091 417 1132; x_wconf 85' lang='lat' dir='ltr'>ib.</span> <span class='ocrx_word' id='word_1_108' title='bbox 449 1092 561 1133; x_wconf 73' lang='lat'>2634</span> <span class='ocrx_word' id='word_1_109' title='bbox 591 1091 839 1133; x_wconf 76' lang='lat' dir='ltr'>trochaeum</span> <span class='ocrx_word' id='word_1_110' title='bbox 870 1106 1038 1145; x_wconf 89' lang='lat' dir='ltr'>quoque</span> <span class='ocrx_word' id='word_1_111' title='bbox 1070 1091 1129 1132; x_wconf 88' lang='lat' dir='ltr'>sic</span> <span class='ocrx_word' id='word_1_112' title='bbox 1159 1091 1283 1132; x_wconf 87' lang='lat' dir='ltr'>locat.</span> 
     </span>
    </p>

    <p class='ocr_par' dir='ltr' id='par_1_6' title="bbox 154 1146 1437 1427">
     <span class='ocr_line' id='line_1_18' title="bbox 239 1146 1437 1202; baseline 0 -13"><span class='ocrx_word' id='word_1_113' title='bbox 239 1146 320 1189; x_wconf 77' lang='lat' dir='ltr'>Sed</span> <span class='ocrx_word' id='word_1_114' title='bbox 360 1148 456 1188; x_wconf 89' lang='lat' dir='ltr'>finis</span> <span class='ocrx_word' id='word_1_115' title='bbox 487 1147 714 1202; x_wconf 89' lang='lat' dir='ltr'>aliquando</span> <span class='ocrx_word' id='word_1_116' title='bbox 746 1147 963 1188; x_wconf 85' lang='lat' dir='ltr'>faciendus</span> <span class='ocrx_word' id='word_1_117' title='bbox 995 1148 1134 1202; x_wconf 77' lang='lat' dir='ltr'>operi3</span> <span class='ocrx_word' id='word_1_118' title='bbox 1172 1162 1273 1188; x_wconf 89' lang='lat' dir='ltr'>nam</span> <span class='ocrx_word' id='word_1_119' title='bbox 1301 1147 1437 1201; x_wconf 87' lang='lat' dir='ltr'>plera-</span> 
     </span>
     <span class='ocr_line' id='line_1_19' title="bbox 154 1203 1437 1259; baseline 0 -15"><span class='ocrx_word' id='word_1_120' title='bbox 154 1218 235 1258; x_wconf 86' lang='lat' dir='ltr'>que</span> <span class='ocrx_word' id='word_1_121' title='bbox 266 1205 639 1259; x_wconf 82' lang='lat' dir='ltr'>grammaticorum</span> <span class='ocrx_word' id='word_1_122' title='bbox 672 1204 865 1258; x_wconf 82' lang='lat' dir='ltr'>exempla</span> <span class='ocrx_word' id='word_1_123' title='bbox 887 1203 1133 1258; x_wconf 78' lang='lat' dir='ltr'>omittenda⁷</span> <span class='ocrx_word' id='word_1_124' title='bbox 1166 1218 1272 1258; x_wconf 90' lang='lat' dir='ltr'>quae</span> <span class='ocrx_word' id='word_1_125' title='bbox 1293 1207 1437 1245; x_wconf 87' lang='lat' dir='ltr'>utrum</span> 
     </span>
     <span class='ocr_line' id='line_1_20' title="bbox 154 1260 1436 1315; baseline 0.001 -14"><span class='ocrx_word' id='word_1_126' title='bbox 154 1261 239 1301; x_wconf 85' lang='lat' dir='ltr'>sint</span> <span class='ocrx_word' id='word_1_127' title='bbox 275 1263 498 1314; x_wconf 84' lang='lat' dir='ltr'>poetarum</span> <span class='ocrx_word' id='word_1_128' title='bbox 535 1275 590 1301; x_wconf 90' lang='lat' dir='ltr'>an</span> <span class='ocrx_word' id='word_1_129' title='bbox 628 1261 818 1315; x_wconf 87' lang='lat' dir='ltr'>ipsorum</span> <span class='ocrx_word' id='word_1_130' title='bbox 853 1275 1088 1314; x_wconf 85' lang='lat' dir='ltr'>numquam</span> <span class='ocrx_word' id='word_1_131' title='bbox 1123 1260 1283 1314; x_wconf 87' lang='lat' dir='ltr'>poterit</span> <span class='ocrx_word' id='word_1_132' title='bbox 1321 1263 1436 1302; x_wconf 88' lang='lat' dir='ltr'>certo</span> 
     </span>
     <span class='ocr_line' id='line_1_21' title="bbox 155 1316 1437 1370; baseline 0.002 -14"><span class='ocrx_word' id='word_1_133' title='bbox 155 1316 334 1370; x_wconf 73' lang='lat' dir='ltr'>definiri,</span> <span class='ocrx_word' id='word_1_134' title='bbox 365 1316 464 1358; x_wconf 85' lang='lat' dir='ltr'>licet</span> <span class='ocrx_word' id='word_1_135' title='bbox 493 1317 616 1358; x_wconf 86' lang='lat' dir='ltr'>facile</span> <span class='ocrx_word' id='word_1_136' title='bbox 648 1317 853 1357; x_wconf 85' lang='lat' dir='ltr'>adducare</span> <span class='ocrx_word' id='word_1_137' title='bbox 884 1320 932 1358; x_wconf 85' lang='lat' dir='ltr'>ut</span> <span class='ocrx_word' id='word_1_138' title='bbox 962 1316 1105 1358; x_wconf 86' lang='lat' dir='ltr'>credas</span> <span class='ocrx_word' id='word_1_139' title='bbox 1135 1316 1249 1357; x_wconf 81' lang='lat' dir='ltr'>haud</span> <span class='ocrx_word' id='word_1_140' title='bbox 1279 1331 1437 1370; x_wconf 83' lang='lat' dir='ltr'>paucos</span> 
     </span>
     <span class='ocr_line' id='line_1_22' title="bbox 155 1372 1436 1427; baseline 0 -13"><span class='ocrx_word' id='word_1_141' title='bbox 155 1372 301 1414; x_wconf 78' lang='lat' dir='ltr'>Sereni</span> <span class='ocrx_word' id='word_1_142' title='bbox 332 1375 373 1413; x_wconf 85' lang='lat' dir='ltr'>et</span> <span class='ocrx_word' id='word_1_143' title='bbox 404 1374 644 1427; x_wconf 84' lang='lat' dir='ltr'>aequalium</span> <span class='ocrx_word' id='word_1_144' title='bbox 675 1373 799 1414; x_wconf 87' lang='lat' dir='ltr'>huius</span> <span class='ocrx_word' id='word_1_145' title='bbox 830 1387 976 1414; x_wconf 84' lang='lat' dir='ltr'>versus</span> <span class='ocrx_word' id='word_1_146' title='bbox 1014 1373 1256 1414; x_wconf 84' lang='lat' dir='ltr'>delitescere</span> <span class='ocrx_word' id='word_1_147' title='bbox 1288 1373 1333 1414; x_wconf 89' lang='lat' dir='ltr'>in</span> <span class='ocrx_word' id='word_1_148' title='bbox 1364 1373 1436 1414; x_wconf 88' lang='lat' dir='ltr'>eis.</span> 
     </span>
    </p>
   </div>
  </div>
 </body>
</html>
