1561 2511
539 81 681 116 LIBER
710 79 970 116 SECVNDVS.
1342 78 1393 119 19

112 191 333 245 Incipiunt
361 188 612 243 Appennini
644 188 803 229 devexa
832 187 984 242 videri,
1352 198 1392 229 15

171 246 263 295 Qua
291 245 436 287 fremit
464 244 578 286 aerio
609 246 754 285 monte
784 244 954 298 repulsa
982 244 1143 286 Thetis.

112 303 280 345 Italiam
309 315 450 342 rerum
481 300 696 341 dominam
727 300 800 354 qui
830 300 999 355 cingere
1029 300 1123 342 visu

168 358 226 402 Et
254 360 388 399 totam
417 356 576 410 pariter
607 370 778 397 cernere
806 359 949 398 mente
979 356 1102 411 velit,

113 414 308 457 Inveniet
337 427 522 467 quernae
554 412 737 454 similem
765 412 993 466 procedere
1023 412 1187 467 frondi,

167 471 366 512 Artatam
395 469 575 510 laterum
606 469 886 510 conveniente
918 469 1026 511 sinu.
1347 480 1389 509 20

118 526 239 567 Milia
267 539 344 579 per
373 525 552 580 longum
582 523 719 566 decies
750 528 929 567 centena
957 528 1155 567 teruntur

168 583 208 623 A
239 581 447 637 Ligurum
476 581 600 623 terris
631 581 683 622 ad
712 581 822 622 freta
853 580 1067 623 Sicaniae:

110 638 163 680 In
192 638 326 679 latum
356 637 484 679 variis
517 637 720 678 damnosa
750 637 1023 679 amfractibus
1055 639 1189 680 intrat

168 693 378 749 Tyrrheni
407 694 544 735 rabies
575 693 830 748 Adriacique
864 694 953 735 sali.

112 749 204 799 Qua
233 752 377 791 tamen
408 752 472 791 est
500 750 636 791 iuncti
665 750 794 791 maris
823 751 1125 805 angustissima
1155 750 1300 805 tellus,
1351 760 1393 790 25

166 805 362 861 Triginta
392 808 434 847 et
463 809 634 847 centum
664 806 782 847 milia
812 806 902 848 sola
929 809 1059 861 patet.

111 862 313 904 Diversas
342 862 506 903 medius
535 877 658 904 mons
690 862 935 917 obliquatur
964 863 1010 904 in
1040 863 1196 917 undas,

171 917 262 967 Qua
291 918 376 960 fert
405 921 532 973 atque
561 918 692 960 refert
720 917 920 960 Phoebus
949 922 1127 974 uterque
1158 919 1286 962 diem:

110 974 174 1017 Vr
207 977 249 1015 et
278 974 540 1016 Dalmaticos
568 975 662 1016 Eoo
694 975 849 1017 vertice
879 975 1052 1030 fluctus,

171 988 432 1085 {aerulaque
464 1030 648 1072 occiduis
679 1030 842 1086 frangit
870 1030 1051 1074 Etrusca
1080 1032 1204 1088 iugis.
1353 1044 1395 1072 :50

115 1086 159 1129 Si
190 1087 349 1128 factum
380 1089 493 1128 certa
522 1087 727 1128 mundum
756 1088 922 1129 ratione
951 1088 1154 1143 fatemur,

168 1141 486 1196 Consiliumque
517 1142 583 1184 dei
614 1143 810 1184 machina
839 1146 961 1185 tanta
989 1144 1094 1198 fuit3

108 1198 312 1240 Excubiis
342 1198 454 1240 Latii
483 1199 722 1253 praetexuit
751 1200 1059 1254 Appenninum

167 1253 445 1309 Claustraque
476 1256 691 1297 montanis
721 1256 791 1297 vix
822 1255 1014 1298 adeunda
1043 1257 1136 1298 viis.

108 1310 320 1352 Invidiam
349 1311 494 1352 timuit
522 1314 676 1353 natura
704 1327 938 1367 parumque
969 1313 1136 1367 putavit

167 1367 337 1408 Arctois
367 1367 499 1421 Alpes
532 1369 780 1422 opposuisse
811 1369 956 1410 minis:

111 1421 229 1465 Sicut
258 1423 434 1464 vallavit
462 1424 606 1465 multis
637 1424 783 1466 vitalia
812 1425 1031 1479 membri87

166 1478 256 1520 Nec
288 1479 417 1520 semel
446 1480 639 1534 inclusit,
672 1495 779 1535 quae
810 1481 995 1535 pretiosa
1023 1482 1135 1522 tulit.

109 1535 201 1576 Iam
230 1538 322 1576 tum
352 1535 578 1590 multiplici
608 1537 763 1578 meruit
791 1538 1027 1578 munimine
1058 1538 1172 1592 cingi

169 1590 468 1646 Sollicitosque
498 1592 650 1634 habuit
678 1592 816 1634 Roma
844 1593 989 1634 futura
1017 1593 1144 1635 Deos.
1351 1604 1396 1633 40

113 1646 205 1696 Quo
235 1648 372 1702 magis
403 1650 467 1689 est
495 1648 661 1690 facinus
692 1648 772 1690 diri
803 1648 1051 1691 Stilichonis
1082 1650 1300 1705 acerbum,

164 1702 365 1745 Proditor
395 1705 538 1746 arcani
569 1706 642 1759 qui
672 1705 756 1746 fuit
784 1706 965 1760 imperii.

111 1758 304 1801 Romano
335 1761 482 1815 generi
513 1760 613 1802 dum
642 1762 796 1802 nititur
826 1777 914 1803 esse
945 1765 1178 1817 superstes,

169 1813 358 1857 Crudelis
389 1818 563 1858 summis
593 1818 763 1859 miscuit
791 1818 877 1859 ima
905 1818 1043 1860 furor:

110 1870 309 1925 Dumque
338 1873 480 1927 timet,
513 1873 719 1928 quidquid
750 1888 793 1915 se
824 1874 984 1916 fecerat
1013 1875 1103 1929 ipse
1132 1876 1293 1930 timeri,
1352 1885 1395 1915 45

166 1927 349 1969 Immisit
377 1929 523 1971 Latiae
552 1930 733 1971 barbara
760 1930 847 1972 tela
875 1931 982 1972 neci.

110 1982 358 2025 Visceribus
387 1985 512 2027 nudis
542 1988 751 2028 armatum
782 1987 972 2028 condidit
1001 1987 1189 2042 hostem,

166 2039 315 2081 Illatae
346 2041 474 2082 cladis
504 2042 701 2084 liberiore
733 2043 843 2085 dolo.

109 2095 209 2150 Ipsa
239 2096 491 2139 satellitibus
520 2099 678 2152 pellitis
707 2098 845 2141 Roma
872 2100 1065 2154 patebat,

166 2150 224 2194 Et
255 2153 422 2206 captiva
450 2154 587 2209 prius,
619 2170 746 2209 quam
776 2159 1016 2210 caperetur,
1039 2159 1140 2198 erat.
1351 2167 1395 2197 50

109 2206 201 2249 Nec
230 2211 399 2250 tantum
430 2209 588 2252 Geticis
619 2214 832 2266 grassatus
862 2212 1055 2266 proditor
1085 2213 1232 2254 armis:

167 2266 281 2306 Ante
313 2264 545 2320 Sibyllinae
575 2267 665 2309 fata
694 2269 897 2310 cremavit
927 2269 1031 2323 opis.

1076 2348 1125 2382 2⁸
