1561 2511
180 59 231 99 16
674 62 952 97 NAMATIANI

176 178 241 208 515
261 169 454 223 Exiguus
483 184 632 224 regum
662 170 842 211 victores
873 185 1016 224 cespes
1045 171 1247 216 habebat

317 225 374 267 Et
404 205 680 267 Cincinnatos
710 227 857 280 iugera
885 241 1019 279 pauca
1048 226 1215 268 dabant.

260 280 378 322 Haec
409 282 536 322 etiam
565 282 689 322 nobis
718 296 807 323 non
836 282 1040 322 inferiora
1067 283 1262 324 feruntur

318 337 492 379 Vomere
525 336 694 378 Serrani
723 337 990 391 Fabriciique
1019 337 1129 380 foco.

260 393 479 447 Puppibus
510 407 611 448 ergo
642 394 745 434 meis
774 393 859 434 fida
887 394 933 434 in
962 395 1143 435 statione
1173 394 1321 436 locatis

177 458 244 488 560
319 449 415 503 Ipse
445 450 578 491 vehor
607 450 727 490 Pisas
758 464 842 503 qua
871 449 978 490 solet
1007 449 1068 491 ire
1094 451 1235 504 pedes.

261 505 442 547 Praebet
472 520 623 559 equos,
655 505 779 546 offert
808 505 935 546 etiam
966 508 1165 559 carpenta
1183 508 1378 548 tribunus
1388 541 1398 561 ,

315 561 383 602 Ex
413 561 661 602 commilitio
693 575 813 602 carus
844 564 886 602 et
914 562 1004 614 ipse
1034 561 1160 615 1111111,

263 617 425 658 Officiis
455 631 645 672 regerem
675 632 771 658 cum
801 617 918 680 legia
945 620 1057 658 tecta
1086 595 1305 672 magister,

317 673 646 728 Armigerasque
677 674 738 727 pii
768 673 973 727 principis
1005 674 1211 715 excubias

177 739 242 769 565
265 729 457 783 Alpheae
487 732 673 770 veterem
703 730 969 792 contemplor
999 730 1176 784 originis
1206 731 1371 785 urbem,

319 785 454 833 Quam
485 786 663 840 cingunt
693 786 872 840 geminis
901 788 1044 826 Arnus
1075 789 1117 826 et
1146 787 1288 826 Ausur
1317 788 1454 841 aquis;

262 841 429 883 Conum
460 841 690 895 pyramidis
721 841 918 882 coeuntia
946 841 1123 882 flumina
1152 841 1329 883 ducunt:

317 897 509 938 lntratur
537 897 704 938 modico
735 897 854 939 frons
885 898 1098 951 patefacta
1127 898 1236 939 solo:

261 953 343 995 Sed
372 954 592 1007 proprium
612 954 768 994 retinet
789 954 1003 995 communi
1023 954 1069 994 in
1089 954 1257 1008 gurgite
1278 969 1451 1007 110111611,

175 1019 241 1047 5ῖο
317 1009 375 1051 Et
403 1013 584 1063 pontum
615 1010 729 1051 solus
760 1010 919 1051 scilicet
947 1011 1090 1050 Arnus
1121 1009 1220 1051 adit.

261 1067 375 1106 Ante
407 1065 499 1115 diu,
531 1081 657 1119 quam
687 1066 949 1121 Troiugenas
978 1065 1152 1107 fortuna
1180 1069 1353 1119 penates

317 1122 675 1163 Laurentinorum
704 1123 875 1177 regibus
906 1123 1130 1175 insereret,

261 1177 385 1219 Elide
416 1178 615 1219 deductas
645 1179 828 1232 suscepit
857 1178 1030 1220 Etruria
1059 1177 1198 1231 Pisas3

315 1233 356 1275 Ν
360 1249 513 1275 011111113
544 1233 699 1275 indicio
729 1235 955 1275 testificata
984 1247 1130 1297 genus

174 1299 225 1329 .›7.
223 1300 238 1328 '1
258 1290 339 1331 Hic
372 1290 514 1331 oblata
543 1290 648 1331 mihi
679 1291 813 1331 sancti
844 1290 1048 1346 genitoris
1078 1290 1238 1344 imago

315 1346 460 1388 Pisani
491 1347 663 1400 proprio
696 1362 822 1400 quam
852 1360 1029 1401 posuere
1059 1345 1167 1387 foro.

258 1403 474 1444 Laudibus
504 1403 647 1443 amissi
677 1417 807 1458 cogor
835 1403 1053 1444 lacrimare
1084 1402 1294 1455 parentis:

317 1459 553 1500 Fluxerunt
582 1459 760 1500 madidis
791 1459 945 1514 gaudia
975 1461 1135 1499 maesta
1164 1458 1297 1511 genis.

259 1515 456 1569 Namque
486 1518 606 1569 pater
627 1515 841 1569 quondam
861 1514 1092 1569 Tyrrhenis
1121 1513 1306 1567 praefuit
1325 1514 1454 1566 arvis,

176 1580 242 1610 :380
318 1571 520 1612 Fascibus
551 1574 592 1612 et
623 1572 735 1612 senis
767 1571 925 1612 credita
953 1571 1047 1611 iura
1083 1569 1208 1610 dedit.

258 1627 490 1680 Narrabat,
521 1627 717 1680 memini,
749 1628 905 1668 multos
937 1640 1129 1667 emensus
1158 1625 1342 1666 honores

315 1684 548 1724 Tuscorum
577 1684 768 1738 regimen
797 1684 892 1737 plus
921 1682 1127 1736 placuisse
1158 1681 1260 1722 sibi:

258 1739 369 1781 Nam
410 1754 547 1793 neque
589 1754 717 1793 opum
758 1754 920 1793 curam⁷
962 1752 1153 1792 quamvis
1192 1737 1247 1777 sit
1280 1750 1453 1791 magna,

985 1808 1197 1835 sacrarum

313 1851 355 1892 N
359 1865 404 1893 66
434 1852 499 1892 ius
530 1854 778 1905 quaesturae
809 1853 929 1905 grata
958 1850 1087 1890 fuisse
1118 1849 1272 1903 magis:

175 1917 240 1947 585
260 1907 424 1961 Ipsam,
457 1908 491 1948 si
524 1908 585 1949 fas
616 1910 699 1960 631,
731 1910 986 1961 postponere
1016 1905 1324 1959 praefecturam

314 1964 497 2005 Pronior
526 1964 572 2004 in
601 1963 759 2004 Tuscos
788 1978 877 2004 11011
909 1962 1128 2003 dubitabat
1157 1976 1286 2002 amor.

259 2020 349 2061 Nec
380 2019 626 2069 fallebatur,
657 2023 745 2060 tam
776 2034 895 2060 carus
927 2022 969 2059 et
998 2019 1087 2072 ipse
1118 2017 1326 2071 probatis:

314 2077 522 2117 Aeternas
553 2078 692 2131 grates
721 2078 869 2116 mutua
899 2089 997 2115 cura
1027 2074 1165 2126 canit,

259 2131 619 2186 Constantemque
650 2132 730 2172 sibi
759 2132 918 2194 pariter
947 2131 1177 2184 mitemque
1206 2129 1353 2182 fuisse,

174 2198 240 2227 590
316 2188 544 2229 Insinuant
572 2189 682 2229 natis
715 2203 788 2242 qm
818 2187 1047 2228 meminere
1078 2200 1210 2227 senes.

257 2244 402 2298 Ipsum
432 2259 499 2285 me
530 2245 728 2299 gradibus
757 2258 847 2285 non
876 2243 1149 2297 degenerasse
1176 2240 1364 2295 parentis
