1561 2511
180 98 234 140 54
579 99 773 135 INCERTI
804 98 1067 135 AVCTORES.

506 211 597 249 tum
627 209 662 249 si
692 222 835 248 morae
867 207 967 262 quid
997 207 1213 261 plusculae

505 264 656 305 fuisset
685 264 731 304 in
761 266 883 304 coetu
915 263 1065 316 osculi,

507 320 662 361 amoris
693 320 783 374 igni
814 319 974 373 percita

508 376 729 417 transisset
758 378 800 416 et
828 389 894 415 me
925 375 1155 428 linqueret,

507 434 549 473 et
579 432 687 472 mira
716 445 912 485 prorsum
941 444 1007 471 res
1036 430 1168 484 foret,

507 490 555 529 ut
585 487 730 528 fierem
760 486 812 527 ad
840 500 908 527 me
938 488 1148 539 mortuus,

509 543 562 584 ad
591 543 817 596 puerulum
846 542 961 583 intus
992 542 1192 583 viverem.
1471 573 1474 576 -

268 600 376 641 Gell.
398 599 581 652 XVIIII,
607 600 677 639 11:
709 598 987 640 Celebrantur
1008 597 1089 639 duo
1111 598 1183 639 isti
1204 597 1354 639 Graeci
1378 612 1464 638 ver-

183 656 305 698 siculi
354 655 669 708 multorumque
720 655 941 695 doctorum
989 653 1212 695 hominum
1260 654 1464 695 memoria

182 713 431 766 dignantur,
479 711 592 765 quod
640 711 726 751 sint
770 710 1019 764 lepidissimi
1064 712 1106 750 et
1141 710 1464 751 venustissimae

182 768 414 809 brevitatis.
454 766 604 820 Neque
633 766 737 808 adeo
758 766 882 820 pauci
914 769 1013 806 sunt
1033 768 1195 806 veteres
1226 765 1463 819 scriptores,

184 825 256 878 qui
289 823 457 877 quidem
488 837 559 864 eos
589 822 782 864 Platonis
819 836 907 863 esse
945 821 1192 875 philosophi
1228 820 1464 874 adfirmant,

184 880 337 934 quibus
358 879 429 920 ille
451 879 695 920 adulescens
726 879 885 931 luserit,
917 892 1013 918 cum
1040 877 1270 932 tragoediis
1298 891 1465 931 quoque

186 936 333 977 eodem
362 938 554 1002 tempore
584 934 788 975 faciendis
819 933 1102 987 praeluderet:

240 990 323 1045 τὴτζ
343 998 492 1044 ψυχην
505 989 739 1044 Ἀγάθωνα
760 992 908 1044 φιλῶν
931 990 1002 1031 ἐπὶ
1024 989 1261 1044 χεί[λεσι]ν
1282 989 1434 1042 ἔσχον·

296 1047 410 1100 ήλθε
439 1045 525 1101 γὰρ
554 1046 581 1100 ἡ
614 1046 795 1101 τλήμων
824 1044 883 1095 ὠς
913 1044 1227 1099 διαβησομένη.

183 1104 277 1145 Hoc
309 1104 506 1156 δίστιχον
533 1104 692 1144 amicus
723 1117 852 1155 meus,
885 1099 968 1142 οὐκ
990 1100 1187 1154 ἄμουσος
1207 1100 1466 1152 adulescens,

183 1160 230 1201 in
261 1160 402 1213 plures
431 1159 660 1200 versiculos
690 1159 887 1199 licentius
916 1157 1174 1211 liberiusque
1204 1156 1343 1197 vertit.
1386 1155 1467 1204 Qui

185 1215 389 1269 quoniam
418 1215 524 1256 mihi
555 1215 724 1269 quidem
755 1215 833 1255 visi
864 1216 963 1255 sunt
992 1228 1081 1255 non
1112 1227 1201 1254 esse
1231 1214 1468 1253 memoratu

184 1272 362 1326 indigni,
395 1271 573 1312 subdidi.

271 1328 323 1368 V.
352 1330 372 1368 1
406 1327 553 1381 scripsi
585 1327 867 1368 ‘semhiulco’
888 1340 965 1380 pro
988 1325 1249 1366 semihiulco.
1280 1349 1335 1353 —
1364 1323 1420 1364 ib.
1443 1323 1469 1363 Ξ).

185 1388 357 1425 ‘meum'
381 1399 434 1438 v.,
465 1387 590 1424 ‘meo’
613 1383 703 1424 cdd.
736 1407 785 1412 —
819 1383 873 1423 ib.
895 1382 923 1422 4
945 1385 1118 1422 ‘amore'
1142 1380 1234 1421 add.
1255 1379 1466 1420 Hertzius.

185 1465 240 1471 —
270 1440 326 1481 ib.
353 1441 403 1481 16
435 1442 505 1481 ‘ut
534 1440 679 1480 fierem
700 1438 752 1480 ad
771 1442 861 1480 me’
892 1452 990 1491 nos,
1023 1440 1093 1478 tut
1122 1436 1175 1477 ad
1204 1449 1270 1477 me
1300 1435 1468 1476 fierem’

187 1511 246 1549 V.;
280 1496 331 1537 cf.
365 1496 402 1537 d.
435 1511 467 1537 r.
498 1510 552 1536 m.
583 1495 678 1536 248.
710 1521 764 1525 —
795 1495 850 1536 ib.
877 1495 925 1535 17
959 1493 1227 1547 ‘puerulum'
1257 1491 1469 1544 Hertzius,

186 1556 408 1606 epuerum’
441 1552 550 1593 libri.

187 1609 224 1649 2.
655 1607 752 1648 Elio
784 1621 883 1647 nam
913 1605 1088 1660 gabalus

276 1664 369 1705 Hoc
399 1664 688 1718 fragmentum
718 1662 878 1704 heroici
898 1676 1043 1703 versus
1073 1659 1259 1714 aequalis
1290 1661 1337 1699 ut
1358 1657 1470 1698 vide-

187 1723 258 1761 tur
284 1719 566 1775 Heliogabalo
598 1719 781 1760 auctoris
812 1719 924 1759 inter
954 1716 1145 1770 exempla
1173 1715 1320 1756 tmesis
1350 1713 1471 1754 affert

189 1776 417 1830 Pompeius
448 1790 517 1831 pg.
549 1775 633 1817 309
653 1774 700 1816 L.
756 1774 844 1816 Cet.
877 1773 929 1814 cf.
961 1773 999 1813 d.
1030 1787 1062 1813 r.
1093 1786 1147 1812 m.
1179 1771 1273 1813 347.
1306 1770 1388 1811 366
1409 1784 1470 1823 sq.

189 1833 227 1874 3.
514 1835 668 1873 natura
699 1830 759 1871 sic
790 1833 853 1871 est
882 1828 1089 1881 fluminis,

514 1890 560 1928 ut
591 1887 737 1928 obvias
768 1886 974 1940 imagines

516 1945 703 1996 receptet
732 1942 778 1983 in
808 1942 944 1982 lucem
975 1954 1105 1981 suam.

277 1998 447 2041 Servius
478 1999 530 2040 ad
560 2013 651 2040 aen.
683 1998 812 2051 VIII,
844 1997 921 2039 96:
965 1995 1149 2037 ostendit
1179 1994 1283 2035 adeo
1313 1993 1473 2047 perspi-

192 2070 313 2097 cuam
353 2056 482 2096 fuisse
523 2057 719 2096 naturam
749 2053 956 2106 fluminis,
988 2055 1038 2093 ut
1065 2052 1111 2092 in
1141 2065 1190 2092 eo
1221 2051 1474 2104 apparerent

192 2112 400 2167 imagines
437 2126 660 2153 nemorum
698 2125 801 2164 quas
840 2109 1049 2150 Troianae
1093 2121 1223 2149 naves
1261 2106 1472 2147 secabant.

192 2167 473 2209 Terentianus
520 2170 717 2208 ²natura'
761 2181 795 2207 e.
836 2180 874 2219 q.
907 2180 937 2206 s.
997 2164 1113 2205 Haec
1162 2176 1269 2216 quae
1316 2161 1474 2202 frustra

193 2226 454 2277 quaeruntur
484 2223 596 2278 apud
616 2223 813 2264 Maurum
844 2236 939 2262 cum
969 2220 1039 2261 vix
1070 2220 1125 2260 sit
1153 2217 1371 2273 probabile
1401 2230 1475 2270 po-

193 2280 273 2321 sita
310 2280 439 2322 fuisse
478 2280 524 2320 in
553 2280 704 2321 ultima
735 2292 910 2332 operum
941 2276 1029 2318 eius
1059 2278 1199 2330 parte,
1230 2273 1303 2315 alii
1332 2273 1476 2327 potius
