1561 2511
567 33 710 68 LIBER
738 31 929 67 PRIMVS.
1373 28 1399 66 9

114 142 328 184 Dicuntur
357 142 468 183 cives
500 141 714 194 quondam
741 141 923 194 migrare
955 139 1089 180 coacti

171 198 363 239 Muribus
394 197 573 238 infestos
605 196 837 237 deseruisse
866 195 988 236 lares.
1334 203 1397 233 290

119 253 297 296 Credere
325 253 547 294 maluerim
575 252 812 307 Pygmaeae
843 251 997 292 damna
1026 250 1213 291 cohortis

170 310 228 352 Et
257 309 497 351 coniuratos
528 309 574 349 in
603 323 679 349 sua
707 308 820 349 bella
850 321 986 362 grues.

116 366 242 408 Haud
261 365 409 419 procul
429 365 530 406 hinc
551 366 711 418 petitur
738 364 931 418 signatus
959 363 1011 404 ab
1031 362 1214 403 Hercule
1236 366 1397 416 portus,

171 422 430 476 Vergentem
461 421 651 475 sequitur
680 420 851 461 mollior
881 435 983 460 aura
1013 419 1135 460 diem.

117 479 234 520 Inter
263 479 497 519 castrorum
527 477 708 531 vestigia
738 491 875 517 sermo
906 476 1060 517 retexit
1331 483 1396 514 295

170 533 373 575 Sardoam
403 533 564 586 Lepido
594 533 900 588 praecipitante
929 532 1089 587 fugam.

117 589 282 631 Littore
312 604 495 643 namque
528 589 661 631 Cosae
692 592 898 644 cognatos
928 588 1091 642 depulit
1120 587 1264 628 hostes

168 645 392 694 Virtutem
415 646 556 687 Catuli
585 645 722 687 Roma
752 647 896 686 secuta
926 644 1055 686 ducis.

113 701 191 743 Ille
221 704 365 743 tamen
386 701 571 756 Lepidus
601 702 740 756 peior,
773 701 966 742 civilibus
998 701 1126 741 armis

171 757 253 807 Qui
283 758 416 813 gessit
446 758 570 800 sociis
601 758 732 812 impia
760 758 874 798 bella
901 758 1057 798 tribus:
1331 765 1398 795 800

113 813 195 863 Qui
224 814 463 855 libertatem
492 813 727 855 Mutinensi
747 813 883 855 Marte
914 816 1126 866 receptam

172 870 325 912 Obruit
355 871 544 924 auxiliis,
574 871 678 911 urbe
708 872 911 924 pavente,
942 869 1078 910 novis.

113 926 294 968 Insidias
324 927 419 981 paci
448 927 591 968 moliri
619 928 770 968 tertius
802 940 948 979 ausus,

172 983 382 1024 Tristibus
414 983 580 1037 excepit
610 997 799 1038 congrua
828 982 917 1023 fata
946 983 1042 1023 reis,

115 1038 318 1092 Quartus,
351 1039 557 1081 Caesareo
588 1039 689 1079 dum
718 1039 811 1080 vult
838 1039 1031 1092 inrepere
1061 1052 1215 1093 regno,
1331 1048 1397 1077 305

169 1095 327 1137 Incesti
357 1110 539 1149 poenam
569 1096 698 1137 solvit
728 1095 936 1136 adulterii.

115 1151 242 1192 Nunc
263 1166 431 1205 quoque
451 1178 506 1182 —
528 1152 601 1192 sed
621 1152 772 1192 melius
794 1151 843 1192 de
864 1152 1022 1193 nostris
1042 1151 1157 1192 fama
1178 1153 1397 1205 queretur:

168 1207 299 1248 Iudex
329 1208 557 1262 posteritas
588 1208 751 1249 semina
782 1207 871 1248 dira
900 1210 1032 1249 notet.

112 1263 370 1305 Nominibus
402 1267 537 1305 certos
569 1264 737 1305 credam
767 1264 986 1306 decurrere
1016 1262 1186 1305 mores?

169 1319 361 1361 Moribus
393 1335 448 1361 an
478 1321 620 1374 potius
650 1321 827 1362 nomina
857 1323 972 1362 certa
1002 1320 1123 1361 dari?
1332 1327 1398 1357 310

115 1375 329 1430 Quidquid
359 1376 401 1417 id
432 1381 514 1430 est,
546 1377 678 1418 mirus
709 1377 842 1418 Latiis
873 1377 1097 1418 annalibus
1130 1375 1254 1430 ordo⁷

174 1431 296 1480 Quod
325 1432 534 1486 Lepidum
562 1433 691 1474 toties
722 1433 896 1474 reccidit
925 1447 1025 1474 ense
1055 1432 1226 1473 malum.

112 1487 203 1529 Nec
235 1488 334 1529 dum
365 1488 564 1530 discussis
594 1490 746 1545 pelago
777 1490 1064 1543 permittimur
1093 1488 1266 1529 umbris.

168 1544 306 1585 Natus
337 1545 478 1586 vicino
509 1546 665 1587 vertice
695 1549 847 1587 ventus
879 1545 1009 1587 adest.

113 1599 320 1642 Tenditur
349 1601 395 1642 in
424 1602 583 1643 medias
613 1617 737 1643 mons
768 1602 1051 1657 Argentarius
1081 1601 1216 1642 undas
1331 1610 1396 1638 315

170 1657 447 1712 Ancipitique
479 1659 581 1713 iugo
614 1658 781 1699 caerula
801 1673 929 1700 curva
957 1658 1125 1712 premit.

111 1712 391 1755 Transversos
421 1714 550 1756 colles
580 1715 648 1755 bis
678 1715 809 1755 ternis
839 1715 1010 1756 milibus
1041 1716 1170 1767 artat3

169 1767 359 1811 Circuitu
387 1771 512 1825 ponti
541 1773 607 1812 ter
637 1771 846 1813 duodena
860 1773 997 1825 patet:

113 1824 257 1873 Qualis
287 1840 362 1880 per
392 1827 585 1881 geminos
615 1827 768 1868 fluctus
797 1827 1039 1881 Ephyreius
1068 1826 1253 1868 Isthmos

166 1881 309 1923 Ionias
339 1882 491 1924 bimari
521 1884 664 1925 littore
694 1883 820 1925 findit
848 1899 990 1938 aquas.
1331 1891 1398 1921 320

111 1937 196 1978 Vix
228 1938 582 1980 circumvehimur
612 1955 783 1993 sparsae
814 1940 1035 1994 dispendia
1064 1939 1204 1993 rupis;

165 1993 256 2035 Nec
287 1995 460 2036 sinuosa
489 1996 610 2051 gravi
639 2000 753 2037 terra
781 1997 926 2038 labore
958 1998 1093 2038 earet:

107 2049 332 2092 Mutantur
360 2052 487 2093 toties
518 2053 634 2093 vario
666 2053 898 2106 spiramina
926 2053 1050 2094 flexu.

168 2105 282 2154 Quae
313 2107 439 2149 modo
469 2108 722 2163 profuerant
750 2109 864 2163 vela,
895 2111 1070 2163 repente
1100 2110 1271 2150 nocent.

107 2161 291 2205 Eminus
319 2163 436 2218 Igilii
467 2165 625 2206 silvosa
655 2165 875 2206 cacumina
902 2166 1054 2207 miror:
1329 2172 1395 2202 325

166 2218 301 2268 Quam
331 2220 525 2262 fraudare
556 2221 676 2262 nefas
705 2221 841 2263 laudis
871 2222 1035 2264 honore
1066 2236 1178 2263 suae.
