1561 2511
579 63 722 98 LIBER
749 63 940 98 PRIMVS.
1349 62 1367 99 1
1375 61 1400 101 3

119 173 208 227 Ipsi
239 186 281 212 se
311 171 541 212 monachos
573 170 701 212 Graio
733 171 987 226 cognomine
1019 171 1184 225 dicunt,

177 227 299 277 Quod
327 227 406 268 soli
435 227 553 268 nullo
585 227 726 268 vivere
757 230 863 268 teste
894 227 1057 268 volunt.

120 285 298 325 Munera
325 282 522 323 fortunae
554 285 770 336 metuunt,
803 282 902 323 dum
933 283 1087 325 damna
1116 286 1328 324 verentur.

181 339 410 392 Quisquam
441 341 591 392 sponte
622 339 767 392 miser,
798 354 852 380 ne
881 339 1010 380 miser
1039 354 1128 380 esse
1159 339 1316 393 queat?

121 396 335 445 Quaenam
364 395 551 448 perversi
582 395 718 436 rabies
747 397 836 436 tam
866 395 997 436 stulta
1025 396 1205 447 cerebri,
1335 404 1401 434 445

173 451 287 493 Dum
316 450 428 491 mala
456 450 676 505 formides,
707 465 786 492 nec
815 452 930 492 bona
958 466 1082 505 posse
1112 453 1201 505 pati
1212 452 1232 492 ⁸?

119 508 215 549 Sive
245 520 340 548 suas
370 509 570 560 repetunt
598 507 783 548 fatorum
814 507 1027 562 ergastula
1055 522 1234 561 poenas,

173 563 329 604 Tristia
359 577 431 604 seu
460 564 585 618 nigro
616 564 777 604 viscera
806 563 905 605 felle
935 566 1113 605 tument.

119 619 188 661 Sic
216 619 373 660 nimiae
405 619 501 660 bilis
532 620 727 660 morbum
757 620 992 674 assignavit
1022 620 1233 661 Homerus

177 675 547 729 Bellerophonteis
579 675 959 717 sollicitudinibus:
1337 685 1402 715 450

118 731 231 773 Nam
260 732 404 772 iuveni
436 732 596 773 offenso
627 732 741 773 saevi
771 734 868 785 post
897 732 982 773 tela
1012 732 1170 773 doloris

174 787 341 829 Dicitur
371 787 604 828 humanum
634 788 896 841 displicuisse
928 802 1074 843 genus.

118 844 169 885 In
200 844 548 897 Volaterranum,
580 858 679 885 vero
712 844 834 888 Vada
862 845 1056 898 nomine,
1087 847 1270 885 tractum

173 900 394 955 Ingressus
425 900 541 941 dubii
570 901 752 941 tramitis
783 901 869 941 alta
898 901 1007 955 lego.

119 955 349 1010 Despectat
378 971 529 1010 prorae
561 959 701 997 custos
732 957 982 1010 clavumque
1013 959 1260 1011 sequentem
1338 966 1402 996 455

174 1012 334 1066 Dirigit
364 1016 406 1053 et
434 1012 612 1066 puppim
642 1027 745 1054 voce
776 1015 976 1055 monente
1008 1013 1130 1068 regit.

118 1068 305 1110 Incertas
337 1069 507 1123 gemina
537 1068 800 1109 discriminat
829 1069 978 1110 arbore
1009 1069 1151 1110 fauces

173 1124 426 1179 Defixasque
458 1125 581 1165 offert
610 1125 730 1166 limes
761 1127 938 1179 uterque
968 1125 1112 1166 sudes:

119 1180 209 1222 Illis
238 1195 435 1234 proceras
465 1196 557 1221 mos
588 1184 652 1222 est
681 1181 903 1222 adnectere
934 1182 1076 1222 lauros

175 1236 434 1291 Conspicuas
464 1237 592 1278 ramis
624 1240 667 1278 et
694 1237 923 1279 fruticante
955 1252 1094 1291 coma,
1345 1246 1404 1277 160

117 1292 178 1334 Vt
206 1294 436 1347 praebente
467 1293 580 1334 viam
611 1293 730 1335 densi
758 1294 1028 1349 symplegade
1059 1271 1152 1334 limi

175 1348 277 1390 Serv
267 1353 323 1390 et
353 1349 581 1390 inoffensas
612 1350 763 1391 semita
793 1350 906 1391 clara
935 1353 1074 1392 notas.

121 1405 214 1446 Illic
243 1420 309 1446 me
340 1405 511 1447 rabidus
542 1407 772 1447 consisteie
805 1406 939 1448 Corus
970 1406 1131 1461 adegit

177 1461 321 1510 Qualis
352 1462 555 1503 silvarum
583 1462 779 1518 frangere
810 1463 944 1504 lustra
973 1463 1093 1504 solet.

117 1517 203 1558 Vix
232 1518 315 1559 tuti
346 1517 540 1559 domibus
571 1533 718 1559 saevos
748 1519 1022 1560 toleravimus
1054 1519 1220 1560 imbres
1338 1528 1403 1559 465

172 1574 320 1614 Albini
351 1574 490 1628 patuit
518 1575 712 1628 proxima
741 1575 842 1616 villa
870 1575 966 1616 mei.

117 1629 311 1684 Namque
342 1645 480 1684 meus,
513 1645 638 1685 quem
668 1631 805 1672 Roma
834 1646 928 1673 meo
960 1632 1179 1672 subiunxit
1208 1632 1383 1685 honori,

174 1685 257 1727 Per
287 1701 412 1741 quem
443 1687 535 1727 iura
565 1701 682 1728 meae
714 1688 963 1728 continuata
992 1690 1130 1742 togae.

121 1741 221 1783 Non
251 1745 513 1797 exspectatos
543 1744 741 1796 pensavit
770 1743 964 1785 laudibus
996 1759 1151 1798 ann0s3

174 1798 299 1840 Vitae
330 1799 432 1840 flore
462 1814 588 1853 puer,
620 1800 692 1840 sed
722 1801 930 1855 gravitate
962 1815 1102 1841 senex.
1338 1809 1403 1839 470

119 1853 269 1895 Mutua
298 1868 520 1910 germanos
551 1856 691 1897 iunxit
720 1856 958 1897 reverentia
988 1871 1147 1911 mores,

172 1910 230 1952 Et
258 1911 380 1951 favor
409 1911 583 1953 alternis
613 1913 745 1954 crevit
775 1912 982 1954 amicitiis.

118 1966 326 2008 Praetulit
355 1967 426 2008 ille
456 1983 587 2022 meas,
620 1983 715 2009 cum
745 1969 912 2010 vincere
943 1972 1104 2023 posset,
1137 1969 1344 2010 habenas:

174 2024 233 2063 At
263 2023 490 2064 decessoris
520 2024 656 2066 maior
685 2040 826 2066 amore
857 2025 951 2066 fuit.

120 2078 337 2121 Subiectas
367 2080 492 2121 villae
522 2084 644 2122 vacat
673 2084 887 2135 aspectare
918 2082 1094 2122 salinas:
1337 2091 1402 2121 475

173 2135 368 2190 Namque
398 2136 480 2177 hoc
509 2140 703 2178 censetur
731 2138 904 2179 nomine
935 2138 1046 2179 salsa
1074 2138 1216 2192 palus,

120 2194 212 2239 Oua
239 2207 354 2233 mare
384 2193 562 2234 terrenis
594 2193 753 2235 declive
784 2194 1002 2235 canalibus
1033 2194 1184 2248 intrat,

175 2247 492 2303 Multifidosque
522 2250 637 2291 lacus
667 2251 844 2304 parvula
873 2250 988 2292 fossa
1016 2251 1140 2305 rigat.
