1561 2511
161 70 215 112 18
664 73 941 109 NAMATIANI

157 190 223 222 630
299 181 449 233 Fitque
479 182 716 235 reportanti
747 182 930 223 carmine
960 182 1116 236 praeda
1144 183 1261 225 levis.

239 237 409 279 Interea
438 237 616 278 madidis
645 251 734 279 non
764 237 919 279 desinit
948 238 1119 279 Africus
1149 239 1226 280 alis

298 292 533 335 Continuos
563 293 683 347 picea
711 294 824 334 nube
854 307 1010 348 negare
1040 294 1141 336 dies.

237 349 329 391 Iam
358 349 579 390 matutinis
608 349 778 403 Hyades
809 350 1025 391 occasibus
1052 350 1180 391 udae.

294 404 384 446 Iam
414 405 519 446 latet
547 405 727 447 hiberno
759 405 954 446 conditus
983 406 1117 447 imbre
1147 406 1235 461 Lep
1238 422 1306 461 113,

156 469 221 501 635
241 460 458 516 Exiguum
488 461 636 515 radiis,
668 461 741 502 sed
769 462 936 516 magnis
966 461 1182 516 fluctibus,
1215 466 1395 518 astrum,

296 516 388 565 Quo
420 516 632 558 madidam
661 517 805 558 nullus
834 518 980 558 navita
1009 518 1165 572 linquit
1194 497 1395 561 humum.

238 572 434 627 Namque
464 573 700 626 procelloso
731 573 1004 628 subiungitur
1035 573 1210 615 Oarioni

295 628 639 683 Aestiferumque
671 628 830 670 Canem
859 629 1025 671 roscida
1053 629 1209 684 praeda
1236 630 1358 686 fugit.

238 685 435 726 Vidimus
466 685 612 726 excitis
641 688 822 739 pontum
851 686 1074 726 flavescere
1105 686 1244 727 arenis

154 750 221 781 640
297 742 441 795 Atque
473 743 661 782 eructato
692 742 848 783 vertice
878 756 978 783 rura
1005 742 1114 797 tegi·

245 796 435 845 Qualiter
466 796 658 838 Oceanus
688 797 837 839 mediis
868 797 1108 839 infunditur
1137 798 1270 853 agris,

295 852 577 894 Destituenda
606 867 715 908 vago
747 868 841 895 cum
871 854 1027 908 premit
1056 869 1156 895 arva
1186 854 1295 908 sa103

241 908 339 951 Sive
370 908 453 950 alio
485 909 640 949 refluus
669 912 817 951 nostro
849 910 1078 951 conliditur
1108 910 1221 973 orbi,

297 964 394 1007 Sive
426 979 599 1007 corusca
629 965 714 1006 suis
746 965 881 1007 sidera
909 966 1045 1020 pascit
1074 966 1206 1020 aquis.

445 1303 682 1349 LIBER
729 1302 1143 1351 SECVNDVS,

240 1523 443 1565 Nondum
474 1524 628 1579 longus
651 1527 741 1566 erat
759 1539 838 1566 nec
867 1525 1002 1565 multa
1021 1524 1239 1566 volumina
1267 1540 1434 1579 passm,

291 1580 388 1621 Iure
419 1595 494 1621 suo
524 1583 693 1634 poterat
721 1581 892 1635 longior
922 1595 1011 1622 esse
1040 1581 1165 1622 111101·

239 1636 396 1677 Taedia
426 1637 628 1678 continuo
659 1637 804 1678 timuit
833 1651 1009 1678 censura
1038 1637 1194 1690 labori,

295 1691 468 1734 Sumere
497 1707 551 1734 ne
582 1693 715 1734 lector
744 1693 843 1748 iuge
872 1696 1047 1747 paveret
1076 1707 1193 1746 opus.

200 1757 222 1788 5
243 1747 376 1802 Saepe
407 1749 511 1790 cibis
541 1748 678 1790 adfert
708 1763 824 1790 serus
853 1749 1024 1789 fastidia
1050 1749 1167 1789 finis:

295 1804 466 1845 Gratior
496 1807 559 1845 est
588 1804 763 1846 modicis
793 1805 1014 1846 haustibus
1044 1804 1158 1845 unda
1187 1805 1269 1846 siti.

238 1861 470 1901 Intervalla
499 1861 592 1902 viae
621 1861 743 1902 fessis
772 1863 986 1915 praestare
1016 1860 1182 1901 videtur

300 1915 381 1965 Qui
411 1919 534 1958 notat
562 1917 790 1971 inscriptus
820 1917 937 1958 milia
967 1917 1112 1958 crebra
1141 1916 1260 1971 lapis.

238 1972 454 2014 Partimur
481 1973 694 2027 trepidum
722 1988 798 2027 per
827 1973 1030 2028 opuscula
1057 1973 1159 2014 bina
1186 1973 1403 2027 ruborem,

182 2038 225 2068 10
303 2027 439 2077 Quem
468 2030 598 2070 satius
627 2029 768 2070 fuerat
797 2030 1044 2070 sustinuisse
1075 2029 1216 2070 semel.

236 2084 426 2125 Tandem
454 2085 649 2127 nimbosa
677 2086 804 2127 maris
835 2086 1054 2127 obsidione
1084 2085 1232 2127 solutis

294 2140 450 2182 Pisano
481 2145 608 2195 portu
639 2142 819 2197 contigit
848 2142 950 2183 alta·
963 2142 1093 2196 sequi.

238 2197 412 2238 Arridet
440 2198 653 2251 placidum
681 2198 809 2239 radiis
839 2198 1120 2252 crispantibus
1150 2211 1326 2252 aequor,

293 2252 349 2294 Et
379 2253 540 2296 sulcata
567 2254 650 2295 levi
681 2257 916 2296 murmurat
944 2254 1058 2295 unda
1087 2267 1205 2296 sono.
