1561 2511
572 42 714 78 LIBER
743 42 934 77 PRIMVS.
1366 39 1389 79 7

107 154 239 196 Cuius
270 152 536 193 Aremoricas
565 153 685 204 patei
713 150 1028 204 Exuperantius
1060 165 1152 191 0100

166 210 291 251 Nunc
320 206 630 271 postliminium
659 207 774 260 pacis
805 220 945 247 amare
977 206 1117 259 docet3

110 267 244 321 Leges
274 264 459 305 restituit
488 263 811 316 libertatemque
842 262 1005 303 reducit
1324 270 1389 301 215

166 323 223 364 Et
252 334 393 362 servos
423 319 592 360 famulis
622 333 712 360 non
742 319 844 359 sinit
874 333 963 359 esse
994 319 1092 359 suis.

112 378 321 421 Solvimus
352 390 527 417 aurorae
559 375 706 427 dubio,
738 389 822 428 quo
853 377 1043 428 tempore
1073 375 1258 428 primum

166 432 354 488 Agnosci
384 431 545 486 patitur
574 408 760 472 redditus
791 446 892 471 arva
922 431 1050 472 color.

111 488 411 544 Progredimur
438 488 580 542 parvis
609 502 684 541 per
714 487 860 528 littora
888 487 1082 541 proxima
1112 487 1294 541 cymbis3

168 545 353 594 Quarum
383 544 577 598 perfugio
610 544 755 585 crebra
784 546 948 598 pateret
977 543 1144 585 humus.
1325 552 1391 582 220

109 602 306 643 Aestivos
336 603 561 654 penetrent
591 600 784 641 oneraria
814 600 985 641 carbasa
1014 600 1186 641 fluctus:

166 657 316 699 Tutior
345 659 572 698 autumnus
601 656 838 698 mobilitate
868 656 1006 711 fugae.

110 714 232 755 Alsia
261 713 521 767 praelegitur
550 713 699 766 tellus,
731 712 945 767 Pyrgique
976 712 1202 765 recedunt3

164 770 290 811 Nunc
322 769 445 810 villae
477 769 676 824 grandes,
708 769 864 822 oppida
892 783 1024 822 parva
1053 769 1183 822 prius.

106 827 198 867 Iam
230 825 483 867 Caeretanos
515 825 778 866 demonstrat
807 825 953 866 navita
982 825 1108 865 fines:
1325 833 1390 863 225

165 884 284 923 Aevo
316 882 511 936 deposuit
540 896 698 922 nomen
727 881 884 935 Agylla
914 884 1047 922 vetus.

109 938 366 993 Sti-ingimus
384 939 481 979 hmo
501 951 652 979 comens
673 941 715 979 et
746 937 876 978 fluctu
899 940 940 978 et
960 941 1150 991 tempore
1175 936 1388 978 Castrum:

164 995 295 1035 Index
326 994 517 1035 semiruti
547 996 671 1048 porta
702 996 868 1035 vetusta
898 994 992 1034 loci.

109 1050 326 1092 Praesidet
355 1050 497 1104 exigui
526 1050 734 1091 formatus
763 1050 949 1105 imagine
981 1050 1070 1091 saxi
1078 1083 1088 1103 ,

166 1106 247 1155 Qui
276 1106 479 1160 pastorali
509 1120 668 1147 cornua
696 1106 838 1147 fronte
870 1107 1000 1161 gerit:
1328 1115 1393 1145 230

107 1163 245 1204 Multa
274 1163 373 1203 11001
402 1163 587 1216 priscum
616 1177 775 1204 nomen
806 1162 1008 1203 deleverit
1038 1165 1170 1214 aetaS,

164 1219 258 1260 Hoc
287 1219 385 1260 Inui
415 1221 597 1260 castrum
627 1218 741 1260 fama
770 1219 900 1259 fuisse
931 1220 1064 1273 putat.

108 1274 190 1317 Seu
221 1275 313 1316 Pan
342 1275 572 1329 Tyrrhenis
602 1276 784 1316 mutavit
813 1275 1009 1316 Maenala
1039 1275 1174 1327 silvis,

166 1330 263 1372 Sive
295 1332 411 1372 sinus
441 1332 602 1385 patrios
633 1332 788 1372 incubo
819 1331 991 1372 Faunus
1022 1331 1114 1372 init.

107 1387 223 1428 Dum
253 1390 431 1428 renovat
460 1388 579 1442 largo
611 1388 808 1429 mortalia
838 1388 1004 1429 saecula
1034 1387 1144 1440 fetu,
1328 1396 1392 1427 235

166 1443 365 1498 Fingitur
394 1444 439 1484 in
469 1459 667 1485 venerem
696 1444 875 1498 pronior
905 1458 995 1486 esse
1028 1444 1141 1484 deus.

108 1500 176 1540 Ad
208 1499 518 1541 Centumcellas
549 1500 651 1541 forti
683 1500 927 1542 defleximus
958 1503 1121 1541 austro:

165 1556 413 1610 Tranquilla
442 1571 605 1610 puppes
636 1557 681 1597 in
712 1557 894 1598 statione
926 1557 1084 1598 sedent.

108 1612 294 1654 Molibus
324 1627 581 1666 aequoreum
612 1613 878 1654 concluditur
908 1612 1288 1667 amphitheatrum,

165 1670 468 1723 Angustosque
500 1669 636 1710 aditus
668 1670 807 1710 insula
836 1669 949 1710 facta
978 1669 1106 1724 tegit3
1328 1677 1394 1707 240

110 1725 283 1766 Attollit
312 1725 503 1779 geminas
534 1728 669 1766 turres
700 1726 914 1779 bifidoque
945 1728 1087 1766 meatu

166 1780 374 1822 Faucibus
405 1782 552 1822 artatis
583 1781 731 1835 pandit
760 1785 986 1835 utrumque
1016 1782 1138 1822 latus.

110 1837 200 1878 Nec
230 1837 420 1890 posuisse
452 1838 553 1878 satis
584 1838 679 1879 laxo
710 1838 880 1878 navalia
908 1840 1055 1891 portu,

166 1893 231 1934 Ne
262 1907 370 1948 vaga
399 1894 466 1935 vel
495 1896 607 1935 tutas
638 1894 816 1935 ventilet
847 1909 948 1935 aura
978 1898 1107 1935 rates:

106 1949 294 1990 Interior
323 1949 481 1990 medias
512 1950 629 1991 sinus
660 1951 865 1991 invitatus
896 1951 942 1991 in
973 1950 1094 1991 aedes
1328 1959 1393 1989 245

165 2005 414 2046 Instabilem
443 2006 536 2047 fixis
567 2021 663 2047 aera
693 2007 829 2048 nescit
859 2007 1000 2060 aquis3

110 2061 256 2110 Qualis
286 2062 332 2102 in
362 2062 563 2103 Euboicis
594 2063 761 2116 captiva
790 2063 1005 2104 natatibus
1036 2063 1149 2103 unda

168 2117 358 2159 Sustinet
387 2118 551 2160 alterno
581 2119 754 2160 brachia
783 2119 900 2160 lenta
930 2119 1038 2160 sinu.

110 2174 247 2215 Nosse
278 2175 397 2215 iuvat
426 2175 537 2215 tauri
568 2175 699 2216 dictas
731 2175 780 2216 de
811 2176 984 2217 nomine
1014 2175 1215 2216 thermas.

149 2230 256 2287 ‚Nec
287 2245 405 2272 mora
437 2231 620 2272 difficilis
659 2231 829 2273 milibus
860 2232 919 2273 ire
950 2232 1097 2272 tribus.
1327 2240 1394 2270 250
