1561 2511
164 88 232 118 XII
665 83 937 114 PRAEFATIO.

164 188 275 229 Nam
319 189 361 227 et
407 186 517 226 idem
563 185 692 225 semel
729 187 1041 238 pentametrum
1077 185 1188 227 binis
1225 187 1439 229 vocabulis

165 246 356 285 constare
387 256 533 296 passus
565 244 627 281 est
659 240 712 296 [L
743 239 841 295 450]
874 241 952 281 ita:

412 296 779 349 Bellerophonteis
810 296 1185 351 sollicitudinibus3

165 355 332 409 qualem
362 353 463 394 alibi
492 353 539 393 in
568 352 719 392 litteris
749 352 892 392 latinis
922 353 1113 394 invenire
1142 368 1209 394 me
1239 368 1328 395 non
1357 369 1441 395 me-

163 411 281 451 mini.
313 409 509 450 Videnda
533 412 676 449 tamen
697 422 803 461 quae
825 407 1005 449 diximus
1024 409 1052 449 l.
1073 423 1116 450 n.
1136 423 1235 464 pgg.
1257 410 1352 452 459.
1373 411 1439 452 60.

247 465 538 518 Interpunctio
577 467 673 518 post
711 467 1022 517 pentametrum
1052 465 1220 519 gravior
1248 466 1443 520 neglecta

163 537 199 563 v.
232 522 334 574 520,
367 521 439 561 secl
467 524 614 574 parata
644 520 788 572 venia3
822 519 873 560 cf.
906 520 943 560 d.
974 535 1006 560 r.
1038 535 1092 561 m.
1123 521 1224 574 231,
1257 521 1295 563 2.

249 576 463 625 Quantum
484 577 535 616 ad
556 575 819 629 synhaeresis
840 576 907 616 vel
929 575 1156 617 dihaeresis
1177 576 1310 631 leges,
1331 577 1442 618 nihil

165 633 340 688 dignum
376 633 581 673 memoria
616 632 698 672 nisi
737 631 850 685 quod
879 631 1088 686 Harpyias
1126 632 1191 673 bis
1229 634 1442 686 quaternis

166 689 337 744 syllabis
373 688 479 729 dixit
507 687 705 728 Rutilius.

246 745 363 786 Idem
405 744 636 798 plurimum
682 743 973 784 observantiae
1014 743 1061 784 in
1106 743 1280 784 elisione
1318 759 1442 798 parce

167 804 370 854 cauteque
420 799 680 840 admittenda
730 799 972 851 collocavit,
1019 814 1146 853 quam
1194 799 1281 840 fere
1329 801 1442 842 intra

162 857 347 911 primum
395 856 686 897 choriambum
734 855 967 896 hexametri
1018 855 1325 909 pentametrive
1373 856 1441 897 vel

165 916 361 966 quartum
404 912 555 965 pedem
591 926 736 952 versus
774 911 981 965 longioris
1026 911 1254 952 consistere
1293 911 1441 953 voluit.

163 969 311 1022 Itaque
341 968 407 1008 his
439 968 576 1009 solum
605 968 708 1008 locis
738 971 904 1020 praeter
933 967 1114 1020 primam
1138 967 1308 1021 quidem
1328 967 1442 1008 arsin

164 1028 205 1066 et
236 1027 353 1065 extra
383 1038 597 1065 caesuram
621 1023 788 1064 vocales
817 1023 968 1077 longas
998 1023 1065 1064 vel
1095 1023 1141 1063 in
1170 1038 1211 1064 m
1243 1026 1443 1064 exeuntes

165 1080 297 1133 elisit,
337 1095 545 1134 nusquam
582 1082 725 1120 tamen
752 1079 978 1132 productas
1008 1079 1155 1120 finales
1186 1079 1444 1133 qualescum-

168 1151 248 1190 que
270 1136 357 1177 sive
379 1136 604 1189 dactylicas
623 1135 690 1176 vel
704 1135 987 1189 pyrrichiacas
1005 1135 1051 1175 in
1065 1150 1120 1188 111,
1139 1149 1176 1188 0,
1199 1149 1223 1175 a
1244 1137 1444 1175 exeuntes

164 1194 364 1246 sequente
408 1192 539 1232 brevi.
606 1191 839 1232 Iambicum
877 1191 1128 1232 vocabulum
1173 1191 1445 1231 imminutum

164 1249 293 1289 habes
323 1248 368 1288 in
399 1248 609 1289 antitheto
642 1250 684 1288 et
707 1247 1054 1288 concurrentibus
1075 1247 1292 1288 vocalibus
1312 1246 1445 1287 isdem

163 1305 204 1357 Ι,
236 1304 338 1346 328ε

365 1359 452 1400 sive
481 1359 563 1400 loci
594 1359 767 1413 ingenio
799 1373 871 1399 seu
903 1358 1063 1399 domini
1094 1358 1242 1413 genio3

165 1419 290 1469 atque
328 1416 388 1456 ita
424 1415 653 1469 liquefacta
689 1415 819 1468 longa
848 1415 986 1455 finalis
1015 1414 1292 1468 praecedente
1324 1413 1443 1467 diph-

164 1472 328 1526 thongo
359 1472 404 1512 in
433 1471 606 1512 nomine
636 1471 809 1524 proprio
840 1470 880 1523 Ι,
913 1470 1014 1511 615:

290 1527 388 1568 inde
419 1527 691 1568 Triturritam
720 1527 869 1568 Pisaea
900 1541 951 1567 ex
980 1526 1083 1566 urbe
1114 1540 1318 1567 reversus.

247 1583 383 1624 Elisio
415 1583 460 1623 in
491 1584 623 1625 altero
654 1583 908 1636 pentametri
938 1581 1206 1623 hemistichio
1237 1581 1367 1622 nulla.

248 1639 478 1680 Positionis
517 1640 585 1680 lex
623 1653 729 1692 quae
768 1639 920 1679 (licitur
959 1652 1026 1691 ea,
1071 1652 1154 1691 qua
1192 1636 1446 1677 severissimi

165 1699 356 1736 auctores
387 1695 487 1735 artis
517 1695 600 1748 usi,
630 1695 713 1736 hoc
743 1698 806 1735 est
834 1709 888 1735 ne
919 1694 1186 1747 copularetur
1212 1693 1352 1734 brevis
1375 1707 1446 1733 vo-

166 1751 267 1792 calis
307 1751 352 1791 in
399 1751 513 1792 exitu
555 1751 679 1791 metri
724 1750 864 1804 posita
905 1750 989 1790 nisi
1032 1749 1282 1803 insequente
1327 1751 1446 1789 muta

165 1822 261 1848 cum
290 1807 451 1860 liquida
479 1810 646 1860 praeter
675 1820 753 1860 gn,
784 1820 889 1846 neve
921 1805 1066 1846 eadem
1090 1819 1292 1859 umquam
1311 1804 1446 1858 porri-

166 1865 348 1918 geretur.

249 1919 476 1960 Productio
509 1932 702 1960 caesurae
733 1918 776 1958 vi
807 1917 953 1958 effecta
981 1917 1112 1958 nulla.
