1561 2511
565 57 706 91 LIBER
735 56 926 90 PRIMVS.
1368 54 1394 95 3

113 165 328 215 Quantum
360 165 508 206 vitales
538 167 691 204 natura
720 164 902 205 tetendit
931 164 977 205 in
1007 178 1123 218 axes,

167 222 350 263 Tantum
379 219 527 261 virtuti
557 220 703 273 pervia
732 223 845 261 terra
873 223 984 261 tuae.

109 278 265 319 Fecisti
293 276 473 330 patriam
504 275 678 317 diversis
709 276 907 331 gentibus
937 291 1089 317 unam:

166 333 334 375 Profuit
362 332 527 385 invitis,
558 335 600 373 te
631 332 896 386 dominante,
928 333 1033 386 capi.

110 390 306 442 Dumque
340 388 464 429 offers
494 388 617 429 victis
647 389 810 442 proprii
841 389 1055 430 consortia
1084 388 1207 443 iuris,
1350 398 1393 430 65

166 445 324 487 Vrbem
354 444 512 498 fecisti,
546 444 659 498 quod
688 445 806 498 prius
838 444 962 486 Orbis
994 447 1095 486 erat.

109 503 316 543 Auctores
348 501 515 555 generis
546 500 758 542 Venerem
789 500 1055 554 Martemque
1085 501 1288 557 fatemur,

163 556 410 597 Aeneadum
440 560 619 598 matrem
651 557 1011 611 Romulidumque
1041 560 1225 611 patrem:

108 613 282 668 Mitigat
311 616 493 654 armatas
524 613 676 654 victrix
707 613 931 654 clementia
960 613 1092 668 vires,

165 668 377 710 Convenit
406 669 452 709 in
480 684 619 710 mores
649 684 809 710 numen
839 672 1065 723 utrumque
1095 673 1204 712 tuos.
1351 680 1393 711 70

105 724 220 766 Hinc
250 725 328 766 tibi
360 725 548 766 certandi
578 726 692 767 bona
720 726 1003 780 parcendique
1034 726 1250 780 voluptas:

166 780 280 830 Quos
311 781 474 835 timuit,
507 785 698 836 superat,
732 796 837 836 quos
870 783 1103 836 superavit,
1135 786 1259 824 amat.

106 837 329 878 Inventrix
360 837 476 879 oleae
507 838 661 879 colitur
691 838 864 892 vinique
894 841 1086 892 repertor

160 893 218 934 Et.
248 894 320 947 qui
350 894 510 947 primus
541 893 671 935 humo
702 895 856 948 pressit
885 897 1025 935 aratra
1053 909 1159 948 puer

103 951 212 990 Aras
242 950 472 991 Paeoniam
502 951 657 991 meruit
686 951 895 992 medicina
924 965 1001 1004 per
1031 954 1186 1005 artem,
1351 961 1392 992 75

159 1006 313 1047 Factus
345 1008 386 1046 et
415 1006 585 1047 Alcides
615 1007 840 1048 nobilitate
871 1007 993 1048 deus:

104 1061 168 1103 Tu
199 1076 387 1116 quoque,
419 1062 607 1116 legiferis
636 1063 842 1104 mundum
873 1063 1091 1117 complexa
1122 1064 1370 1119 triumphis,

163 1117 349 1159 Foedere
381 1119 596 1159 communi
627 1119 768 1160 vivere
800 1123 951 1160 cuncta
981 1120 1097 1160 facis.

104 1174 183 1226 Te,
217 1174 311 1228 dea,
342 1177 383 1215 te
415 1175 599 1216 celebrat
627 1174 845 1216 Romanus
876 1176 1032 1229 ubique
1063 1190 1270 1230 recessus,

159 1230 425 1285 Pacificoque
457 1231 568 1286 gerit
597 1231 732 1272 libera
762 1233 871 1273 colla
902 1233 1015 1287 iugo.
1348 1242 1391 1273 80

105 1285 259 1327 Omnia
288 1290 492 1341 perpetuo
525 1303 632 1342 quae
664 1291 834 1329 servant
864 1288 1001 1329 sidera
1030 1292 1169 1342 motu,

158 1342 336 1384 Nullum
366 1343 565 1385 viderunt
594 1345 812 1398 pulchrius
842 1345 1080 1398 imperium.

105 1397 215 1446 Quid
245 1400 380 1440 simile
412 1401 597 1454 Assyriis
629 1404 847 1442 conectere
879 1401 1061 1456 contigit
1091 1401 1250 1442 armis?

160 1454 274 1496 Medi
303 1456 507 1497 finitimos
539 1457 820 1498 condomuere
851 1472 970 1498 suos:

103 1510 251 1565 Magni
282 1511 538 1553 Parthorum
568 1527 688 1568 reges
719 1513 1017 1567 Macetumque
1047 1515 1219 1568 tyranni
1344 1523 1386 1554 85

158 1566 309 1615 Mutua
338 1583 414 1621 per
444 1569 581 1610 varias
610 1570 704 1610 iura
734 1570 883 1611 dedere
914 1571 1038 1611 vices.

100 1622 190 1664 Nec
220 1623 299 1664 tibi
328 1625 520 1665 nascenti
550 1626 693 1679 plures
725 1626 975 1680 animaeque
1005 1641 1260 1681 manusque,

160 1678 242 1720 Sed
272 1680 565 1733 plus'consilii
595 1681 824 1737 iudiciique
854 1682 949 1724 fuit.

102 1735 230 1776 Iustis
260 1736 469 1778 bellorum
501 1739 636 1779 causis
666 1753 745 1779 nec
774 1753 877 1793 pace
909 1740 1090 1793 superba

157 1790 324 1833 Nobilis
355 1793 407 1833 ad
438 1808 620 1835 summas
651 1795 789 1849 gloria
818 1796 937 1836 venit
968 1810 1081 1849 opes.
1345 1805 1388 1836 90

104 1846 225 1896 Quod
253 1862 404 1903 regnas
431 1850 572 1891 minus
602 1854 664 1891 est
693 1866 820 1905 quam
850 1852 963 1906 quod
989 1866 1168 1907 regnare
1189 1854 1385 1894 mereris:

158 1903 337 1946 Excedis
367 1905 490 1947 factis
521 1907 699 1962 grandia
728 1907 817 1948 fata
846 1908 943 1949 tuis.

101 1959 355 2002 Percensere
386 1962 506 2004 labor
537 1963 676 2004 densis
707 1963 859 2005 decora
888 1965 974 2006 alta
1003 1965 1208 2019 tropaeis,

159 2016 221 2057 Vt
250 2017 381 2070 siquis
413 2019 555 2060 stellas
584 2034 883 2073 pernumerare
915 2021 1029 2062 velit.

103 2072 466 2128 Confunduntque
496 2089 626 2131 vagos
658 2076 832 2117 delubra
860 2077 1062 2119 micantia
1091 2078 1227 2119 visus:
1343 2087 1385 2117 95

156 2129 276 2183 Ipsos
307 2130 555 2172 crediderim
585 2133 647 2173 sic
677 2133 868 2174 habitare
900 2133 1011 2175 deos.

103 2184 213 2234 Quid
242 2186 392 2240 loquar
422 2188 534 2229 aerio
565 2189 798 2242 pendentes
830 2189 993 2231 fornice
1023 2191 1157 2245 rivos,

159 2241 251 2291 Qua
280 2243 351 2283 vix
381 2244 618 2286 imbriferas
648 2245 819 2287 tolleret
846 2246 926 2287 Iris
957 2247 1118 2301 aquas?

1069 2326 1115 2359 1ss
