1561 2511
185 85 241 126 40
694 89 956 125 ANNIANVS.

186 211 283 238 cum
314 199 457 251 aperte
487 196 578 237 solo
610 196 665 237 sit
693 211 793 238 usus
814 196 963 239 Mauro
993 198 1075 239 hoc
1106 198 1233 240 etiam
1253 200 1465 244 Faliscum

186 252 288 294 dicit
317 255 511 294 metrum.
560 252 737 294 Accedit
767 253 878 307 quod
900 253 1146 295 Victorinus
1177 255 1362 298 eiusdem
1389 258 1466 299 Te-

185 309 370 350 1011110111
390 322 465 349 ver
467 309 530 350 bis
552 308 750 362 deceptus
770 310 1082 363 paroemiacum
1100 325 1267 365 quoque
1283 316 1465 355 metrum

186 365 288 406 dicit
316 364 527 406 Faliscum
557 365 801 406 vocitatum.

274 419 389 469 Quae
420 421 455 461 si
484 423 596 461 recte
627 420 840 474 disputata
870 435 958 462 0550
988 421 1256 477 videbuntur,
1288 428 1464 478 apparet

186 476 311 517 simul
349 476 654 530 quadamtenus
694 477 868 531 inverti,
905 491 1012 531 quae
1049 457 1258 520 Henricus
1298 479 1464 522 Keilius

185 534 230 573 in
261 532 579 586 quaestionibus
609 533 894 587 grammaticis
914 533 1125 588 Erlangae
1152 549 1188 576 a.
1214 536 1322 577 1860
1342 536 1465 578 editis

185 589 235 629 de
279 591 415 629 aetate
459 588 588 629 Iubae
609 567 795 629 t>metrici
839 568 1073 630 disseruit.
1105 589 1217 631 Nam
1262 605 1357 633 cum
1395 592 1464 633 hic

185 644 378 698 exemplo
418 644 470 685 ab
509 644 602 698 ipso
632 647 681 685 ut
710 644 877 686 videtur
906 645 1131 686 conficto‘
1148 646 1268 700 siqua
1296 648 1465 711 flagella

183 700 349 755 iugabis
387 702 485 741 ante
522 703 671 754 putare
704 700 849 742 decet’
894 704 1038 755 aperte
1080 701 1233 755 prodat
1268 704 1465 757 peritiam

183 770 328 797 v·e1sus
366 756 439 810 qui
476 759 539 797 est
578 756 721 810 esiqua
757 757 927 812 flagella
961 757 1082 812 iugas
1112 757 1172 799 ita
1201 758 1465 813 iuga',1{ei-

183 813 264 853 11115
294 826 365 867 pg.
390 812 442 853 19
472 827 568 853 eum
589 811 747 854 8010110
777 813 1055 866 posteriorem
1086 827 1175 854 0550
1205 814 1311 856 dixit
1339 819 1465 869 atque

185 868 289 910 adeo
321 868 477 909 50001111
507 867 571 909 ΠΙ
600 869 676 909 fini
706 869 773 910 vel
804 869 929 910 initio
961 869 1099 923 quarti
1130 869 1463 913 adscribendum.

184 923 266 966 Sed
297 925 410 965 enim
441 925 475 965 51
506 924 697 965 Anniani
728 928 791 965 051
820 927 1002 966 metrum
1031 925 1156 979 istud,
1186 926 1295 967 nihil
1326 927 1466 968 obstat

185 981 289 1034 quin
332 980 482 1021 Iubam
527 979 836 1034 Hephaestioni
880 981 969 1022 fere
1013 959 1233 1035 aequalem
1276 982 1358 1024 hoc
1403 986 1467 1024 051

184 1037 295 1078 circa
314 1037 442 1077 finem
463 1037 619 1077 saeculi
639 1036 929 1090 piaecedentis
950 1037 1141 1079 1101111550
1164 1038 1464 1080 existimemus.

184 1092 242 1134 Et
270 1093 405 1133 tutius
437 1092 535 1146 erit⁷
566 1092 611 1133 ni
641 1092 783 1146 fallor,
814 1118 869 1123 —
898 1096 947 1135 ut
975 1093 1021 1134 111
1050 1108 1095 1135 10
1125 1094 1287 1135 incerta
1313 1118 1372 1124 -
1399 1095 1466 1135 Iu-

183 1149 301 1202 bam,
343 1148 416 1202 qui
446 1148 671 1190 Victorino
710 1152 820 1190 teste
861 1149 873 1205 [
905 1163 944 1204 g.
980 1149 1074 1205 127]
1114 1150 1227 1191 inter
1269 1151 1467 1192 metricos

185 1205 481 1246 auctoritatem
501 1205 663 1258 primae
686 1205 938 1247 eruditionis
961 1205 1157 1260 obtinuit,
1180 1221 1307 1260 quam
1326 1209 1468 1260 potest

181 1261 272 1302 fieri
303 1261 598 1315 antiquissimo
629 1261 809 1302 adscribi
838 1262 1032 1315 tempori.

267 1316 414 1372 Longe
459 1317 693 1371 expeditior
735 1331 801 1358 res
846 1320 909 1358 est
950 1319 996 1358 in
1038 1318 1171 1359 altero
1215 1317 1460 1359 Terentiam

182 1373 448 1426 testimonio,
481 1373 594 1427 quod
623 1373 804 1414 habetur
833 1374 906 1414 ubi
944 1375 1200 1428 paroemiaci
1230 1374 1352 1415 affert
1379 1388 1464 1415 me-

181 1429 238 1470 tri
269 1429 473 1483 exempla.
532 1428 598 1470 Ibi
627 1429 731 1471 haec
760 1430 962 1484 leguntur
990 1445 1057 1471 vv.
1095 1430 1199 1471 1816
1230 1444 1342 1484 sqq.:

454 1488 580 1539 atque
609 1485 682 1526 ille
712 1490 839 1539 poeta
868 1485 1057 1527 Faliscus

454 1556 549 1582 cum
579 1541 741 1582 ludicra
771 1542 957 1583 carmina
985 1542 1137 1597 pangit

455 1603 561 1638 ‘uva
589 1611 675 1638 una
706 1600 769 1639 set
798 1612 880 1639 uva
908 1598 1108 1652 Falerna,

453 1656 495 1694 01
522 1656 588 1694 101·
616 1654 731 1695 feror
761 1656 803 1695 et
832 1656 981 1708 quater
1009 1658 1159 1695 anno'.

450 1709 560 1751 libro
591 1724 759 1764 quoque
791 1709 898 1751 dixit
926 1709 1073 1751 eodem

452 1765 606 1819 (1111(10,
637 1765 748 1807 unde
779 1766 986 1807 colonus?
1015 1765 1098 1807 Eoi

453 1836 478 1862 a
506 1822 681 1863 flumine
712 1822 830 1863 venit
860 1821 1044 1863 Oronti.'

186 1877 352 1931 Nempe
390 1878 494 1919 11000
532 1878 649 1919 salva
677 1877 908 1919 Latinitate
938 1878 1086 1919 referri
1116 1892 1238 1932 posse
1269 1878 1321 1919 ad
1350 1877 1467 1921 Scre-

186 1948 290 1974 num
320 1947 445 1989 nego.
488 1932 598 1982 Quid
619 1933 763 1974 enim?
793 1937 841 1975 ut
870 1933 941 1974 ille
972 1934 1255 1976 aemulatione
1275 1935 1465 1976 Anniani

182 1989 380 2031 inductus
420 1990 634 2043 scripserit
677 1990 834 2031 librum
878 1989 1139 2032 Faliscorum
1177 1990 1322 2044 titulo,
1360 2005 1465 2032 num

183 2045 279 2087 ideo
318 2048 431 2087 recte
461 2045 625 2087 dicetur
653 2048 781 2099 poeta
810 2045 1028 2087 Faliscus?
1073 2045 1175 2095 Quis
1205 2024 1467 2101 110101110,111

183 2101 266 2143 hoc
287 2102 479 2156 exemplo
500 2104 607 2156 utar,
640 2116 736 2143 eum
757 2102 830 2156 qui
850 2100 1051 2154 Λοκρικα
1075 2100 1246 2158 ἅσματα
1276 2103 1467 2144 imitetur

183 2161 433 2213 argumento
465 2160 591 2212 atque
613 2157 716 2199 adeo
744 2158 1020 2212 inscriptione
1041 2148 1135 2200 ideo
1157 2158 1338 2200 Locrum
1367 2173 1466 2212 poe-

181 2217 270 2254 tam
299 2213 568 2255 nominabit?
615 2213 716 2263 Quis
746 2213 976 2255 Horatium
1005 2215 1205 2256 Aeolium
1235 2214 1466 2268 appellavit

180 2272 333 2324 vatem,
365 2270 465 2324 quia
493 2270 729 2324 principem
759 2284 802 2311 se
824 2270 1022 2311 Aeolium
1052 2285 1220 2312 carmen
1250 2270 1302 2311 ad
1328 2270 1458 2312 Italos
