1561 2511
590 48 883 86 HADRIANVS.
1328 45 1383 86 25

369 219 406 266 Ι.
465 215 690 264 AELIVS
728 213 1113 262 HADRIANVS.

191 328 385 372 Videnda
416 341 522 381 quae
553 326 659 367 dixit
689 327 738 367 de
768 325 986 366 Hadriano
1015 324 1315 380 Bernhardyus
1345 325 1386 366 h.

106 388 133 428 l.
172 386 219 428 L.
259 384 320 426 ed.
357 383 422 424 III
466 396 566 438 pgg.
609 382 712 436 297,
750 383 787 423 8.
869 381 951 422 Hic
1000 381 1230 434 imperator
1278 381 1390 422 inter

109 446 248 484 cetera
280 441 391 481 vitae
430 439 740 481 oblectamenta
777 438 905 479 etiam
942 437 1133 478 versibus
1170 437 1389 479 mediocri-

106 500 185 540 bus
216 496 376 538 Graeca
421 495 580 550 pariter
617 509 665 536 ac
695 494 849 536 Latina
885 493 1034 548 lingua
1070 494 1236 548 scriptis
1274 493 1387 534 haud

107 553 360 596 mediocrem
383 566 555 606 operam
574 551 814 605 insumpsit.
854 549 955 591 Fuit
982 550 1095 591 enim
1116 553 1165 591 ut
1185 550 1245 591 ait
1265 548 1388 603 Spar-

107 611 249 652 tianus
280 612 322 650 et
350 610 596 662 poematum
625 610 668 649 et
696 607 934 648 litterarum
965 607 1176 660 omnium,
1207 606 1388 647 maxime

108 668 320 720 veterum,
359 664 710 717 studiosissimus3
741 678 841 704 nam
871 665 914 703 et
945 661 1139 704 Ciceroni
1170 662 1388 716 Catonem,

110 721 304 777 Vergilio
325 720 534 774 Ennium,
558 719 757 762 Sallustio
781 718 970 761 Caelium
1000 719 1213 775 praetulit.
1254 718 1388 759 Fuere

106 781 248 819 autem
287 777 442 831 scripta
479 776 633 817 diversi
680 775 868 831 generis,
916 774 987 815 sed
1029 775 1195 829 saepius
1235 775 1388 816 tenuis,

106 834 266 876 Pueros
306 848 411 887 quos
452 833 635 874 habebat
672 832 873 873 delicatos
916 831 1107 872 versibus
1152 846 1247 872 eum
1286 831 1389 872 cele—

107 891 252 931 brasse
292 890 457 943 aliaque
497 888 703 930 amatoria
743 887 930 929 carmina
967 887 1203 929 condidisse
1245 890 1391 928 narrat

110 945 359 1001 Spartianus
399 944 448 1002 [c.
478 944 634 1001 XHHJ.
696 943 806 993 Quid
836 943 950 998 quod
987 944 1167 985 eundem
1197 943 1295 998 equi
1325 943 1390 984 sui

107 1002 291 1044 venatici
322 1002 389 1043 cui
411 1016 569 1043 nomen
590 1004 680 1042 erat
700 1000 959 1055 Borystlieni
987 1000 1151 1042 tumulo
1184 1000 1390 1054 epigram-

108 1062 222 1100 mata
252 1059 304 1099 ab
334 1059 427 1112 ipso
458 1057 692 1111 composita
722 1056 994 1110 insculpsisse
1025 1060 1173 1098 auctor
1203 1060 1267 1097 est
1294 1055 1390 1098 Cas-

109 1115 194 1156 sius
224 1114 307 1156 Dio
342 1113 573 1170 [LXVIIIL
607 1113 706 1169 HJJ?

381 1172 415 1211 1.
464 1184 542 1225 ego
573 1170 674 1210 nolo
705 1168 857 1210 Florus
889 1183 997 1223 esse,

462 1226 647 1266 amblare
677 1240 752 1279 per
780 1226 998 1279 tabernas,

464 1282 630 1323 latitare
660 1296 735 1336 per
764 1282 945 1336 popinas
955 1314 966 1335 7

464 1339 617 1380 culices
646 1338 737 1392 pati
766 1337 987 1379 rutundos.

109 1394 357 1448 Spartianus
378 1395 423 1435 in
444 1395 532 1436 vita
552 1393 759 1436 Hadriani
790 1408 823 1435 c.
849 1394 920 1435 16:
951 1393 1080 1435 Floro
1112 1396 1261 1448 poetae
1293 1393 1391 1434 scri-

108 1451 228 1492 benti
265 1450 318 1491 ad
355 1465 397 1492 se
437 1454 539 1506 eego
578 1451 679 1492 nolo
712 1450 865 1492 Caesar
899 1453 1011 1491 esse'
1044 1464 1077 1491 6.
1111 1464 1150 1504 q.
1183 1465 1214 1491 s.
1246 1450 1391 1491 rescri-

110 1507 208 1561 psit.
230 1532 285 1537 —
306 1505 359 1548 V.
381 1507 407 1547 2
438 1513 449 1531 ³
464 1507 649 1548 amblare
663 1513 672 1529 ²
706 1506 994 1561 Casmhonus,
1016 1506 1068 1548 cf.
1092 1505 1130 1547 d.
1152 1521 1185 1547 r.
1206 1521 1261 1547 m.
1283 1506 1389 1559 3663

108 1563 371 1604 ‘ambulare’
403 1578 442 1605 v,

277 1618 316 1660 2.
359 1619 540 1661 lascivus
571 1634 695 1660 versu
704 1653 714 1673 ,
746 1623 887 1661 mente
918 1619 1095 1674 pudicus
1126 1633 1229 1660 eras,

111 1675 269 1729 Appul.
301 1676 411 1729 apol.
433 1690 504 1730 pg.
526 1676 610 1716 410
640 1675 702 1717 ed.
727 1675 832 1717 Oud.
866 1675 1002 1717 ‘divus
1021 1675 1264 1716 Hadrianus
1295 1689 1391 1715 cum

108 1730 277 1772 Voconi
309 1732 433 1773 amici
464 1732 527 1773 sui
557 1735 706 1786 poetae
737 1733 948 1773 tumulum
978 1731 1168 1773 versibus
1198 1745 1390 1772 munera-

107 1790 267 1885 {ethin8
288 1788 347 1828 ita
379 1789 547 1843 scripsit
576 1788 802 1829 elascivus’
835 1803 868 1829 e.
902 1803 940 1842 q.
970 1803 1001 1829 s.
1060 1787 1148 1829 Cet.
1180 1787 1233 1829 cf.
1265 1787 1388 1828 Mart.

131 1877 141 1897 7
201 1877 211 1897 7
273 1877 280 1885 ·

379 1901 416 1942 3.
463 1901 650 1942 animula
679 1901 834 1955 vagula
863 1900 1083 1954 blandula,

464 1958 617 2012 hospes
648 1971 871 2011 comesque
903 1956 1091 2010 corporis
1101 1989 1112 2010 7

464 2028 570 2067 quae
600 2028 714 2055 nunc
745 2013 880 2054 abibis
910 2014 956 2054 in
985 2013 1097 2066 loca,

463 2069 667 2123 pallidula
675 2103 686 2124 ⁷
717 2069 854 2125 rigida
863 2103 874 2123 ,
904 2068 1065 2110 nudula
1076 2070 1083 2110 !

463 2140 543 2167 nec
572 2129 621 2167 ut
650 2126 758 2167 soles
790 2125 908 2167 dabis
937 2126 1065 2167 iocos.

110 2179 248 2235 Spart.
271 2181 325 2222 ib.
349 2195 382 2222 6.
404 2181 478 2223 25:
511 2185 553 2223 et
572 2183 758 2224 moriens
780 2182 949 2236 quidem
977 2182 1056 2223 hos
1076 2195 1221 2222 versus
1242 2180 1390 2222 fecisse

109 2236 263 2278 dicitur
301 2238 532 2279 ‘animula-⁷
580 2253 613 2280 e.
644 2253 683 2292 q.
714 2254 745 2281 s.
783 2239 889 2280 tales
934 2241 1095 2292 autem,
1139 2252 1218 2279 nee
1254 2237 1389 2278 multo
