1561 2511
571 66 832 101 ANNIANYS.
1287 62 1340 103 35]

61 180 155 219 orta
185 178 248 217 est
277 175 506 229 disputatio
543 176 691 214 nostra
722 173 869 214 tdocta
898 173 1063 214 Falisca
1094 172 1249 214 Serene
1280 187 1342 213 re-

59 236 205 287 paras'
245 247 296 272 ex
324 230 569 272 Terentiani
607 229 690 270 illis
729 229 854 270 etalia
891 229 1015 270 docta
1044 228 1209 270 Falisca
1238 229 1342 283 legi-

58 293 177 329 mus'
217 302 305 329 esse
342 288 487 327 fictum
531 300 656 326 nemo
703 287 751 325 ut
797 285 949 339 opinor
994 285 1216 326 dubitabit.
1275 285 1342 325 Ex

60 344 207 385 eodem
245 342 505 397 apertissime
543 341 662 382 fonte
709 341 834 382 ducta
878 356 1133 395 quamquam
1173 341 1338 382 diverso

60 414 200 442 errore
238 413 344 453 quae
384 399 649 453 Augustinus
687 398 732 437 in
763 400 913 451 quarto
954 397 1004 438 de
1041 397 1202 438 musica
1230 397 1340 438 libro

58 456 222 511 profert
258 469 347 509 cap.
379 455 452 496 30:
491 468 627 508 neque
660 454 772 494 9111111
802 454 837 494 si
867 453 1056 495 Faliscus
1092 454 1235 494 nescio
1268 454 1342 507 qui

58 515 194 553 metra
223 511 283 552 ita
313 510 551 565 composuit
580 512 628 551 ut
656 510 760 551 haec
781 512 937 551 sonant
968 509 1152 564 equando
1174 509 1343 564 flagella

59 569 166 623 ligas
176 600 187 621 ,
218 567 278 608 ita
308 567 412 622 liga,
450 566 549 607 vitis
580 569 622 607 et
651 566 790 607 ulmus
820 566 883 607 uti
914 566 1040 607 simul
1070 569 1203 619 eant'‚
1236 566 1341 606 scire

58 625 140 666 hoc
168 637 404 677 possumus.
446 622 642 664 Ceterum
662 637 750 664 non
773 625 861 663 erat
890 637 964 663 cur
992 622 1218 663 miraretur
1239 620 1342 663 San-

59 680 198 721 tenius
229 679 450 733 epitheton
479 678 585 720 illud
615 678 797 720 edocta'.
845 678 958 719 Nam
988 678 1031 719 id
1060 678 1341 719 Terentianus

59 739 107 777 ut
136 735 308 777 adderet
337 735 503 777 videtur
533 749 621 775 esse
652 735 858 788 impulsus
888 749 937 775 ea
977 749 1021 775 re
1052 734 1166 788 quod
1195 733 1343 775 Laevii

59 792 233 833 omnino
256 795 299 833 et
327 791 568 846 aequalium
598 791 686 832 eius
708 790 760 831 ad
787 791 1071 832 imitationem
1091 790 1209 831 fuere
1231 805 1339 831 com-

58 848 198 902 posita
237 848 424 889 carmina
453 847 636 900 Falisca,
679 861 785 900 quae
817 850 860 888 et
889 847 1123 887 dictionum
1153 847 1341 900 proprie-

58 907 145 945 tate
177 907 219 945 et
247 918 518 945 numerorum
541 903 814 944 multitudine
842 904 1000 957 pariter
1021 917 1068 943 ac
1091 902 1341 943 difficultate

58 960 298 1001 referebant
327 960 436 1002 illos.
497 959 762 1013 Quamquam
793 960 887 1013 quis
925 959 1097 1014 ignorat
1127 974 1151 1000 a
1182 958 1341 1000 Catulli

58 1016 155 1057 inde
193 1019 383 1070 tempore
420 1016 530 1057 nihil
566 1016 831 1070 frequentius
873 1015 1161 1069 appellatione
1191 1015 1266 1056 illa
1296 1015 1342 1055 in

58 1073 193 1127 poetis
224 1073 291 1114 vel
322 1072 578 1113 carminibus
608 1071 860 1113 laudandis?

143 1128 225 1170 Sed
254 1132 303 1169 ut
331 1128 498 1169 redeam
527 1128 573 1169 in
604 1128 729 1182 viam⁷
760 1128 810 1169 de
831 1128 1023 1169 versibus
1044 1128 1129 1168 illis
1152 1126 1339 1181 ‘quando

58 1184 226 1239 flagella
256 1185 382 1239 ligas,
412 1184 472 1225 ita
501 1184 603 1239 liga'
636 1198 669 1226 e.
702 1199 741 1239 q.
773 1199 804 1225 s.
836 1184 898 1225 ita
926 1184 1033 1225 mihi
1063 1184 1231 1225 videtur
1260 1186 1341 1225 sta-

58 1240 276 1295 tuendum,
308 1244 356 1281 ut
385 1241 548 1281 dicatur
578 1255 649 1282 eos
679 1241 725 1282 in
756 1240 989 1282 enchiridio
1010 1240 1085 1281 illo
1117 1255 1201 1294 quo
1233 1240 1344 1294 pari-

56 1299 123 1337 ter
159 1297 225 1337 usi
262 1300 362 1338 sunt
397 1297 678 1338 Terentianus
715 1300 757 1338 et
787 1296 1034 1338 Victorinus
1073 1299 1120 1337 ut
1158 1296 1343 1339 Calabrii

57 1353 183 1393 metri
213 1353 452 1407 exemplum
475 1368 526 1394 ex
545 1353 721 1394 Faliscis
752 1354 933 1407 petitum
963 1353 1220 1394 carminibus
1251 1353 1342 1394 sinc

58 1408 232 1450 nomine
262 1409 457 1463 auctoris,
481 1410 637 1463 quippe
664 1410 757 1451 noti
778 1409 989 1463 plerisque
1021 1412 1063 1450 et
1093 1409 1221 1462 obvii,
1253 1423 1342 1450 esse

58 1464 266 1519 prolatos3
309 1480 415 1519 quos
456 1480 529 1506 cur
573 1464 730 1507 Sereno
777 1466 1078 1519 adscripserint
1121 1468 1343 1507 auctorum

55 1521 313 1562 Terentiano
350 1522 635 1576 posteriorum
672 1522 864 1576 plerique
901 1522 1065 1563 nullam
1095 1522 1223 1563 aliam
1253 1536 1341 1563 esse

58 1591 227 1618 causam
266 1592 392 1631 quain
431 1577 545 1632 quod
591 1579 784 1632 proxime
828 1592 1075 1633 praegresso
1126 1578 1172 1619 in
1215 1577 1342 1619 huius

59 1633 249 1674 versibus
279 1634 452 1675 nomine
483 1634 597 1676 illius
628 1649 703 1688 per
740 1649 926 1676 errorem
964 1649 1064 1675 sane
1094 1634 1265 1675 facilem
1295 1649 1341 1675 ac

56 1689 322 1743 frequentem
352 1689 547 1745 Septimii
584 1694 633 1732 ut
669 1690 924 1745 praecedens
955 1691 1015 1732 ita
1046 1691 1174 1732 etiam
1202 1694 1343 1744 poste-

56 1745 144 1786 rius
174 1745 441 1788 crediderunt
471 1761 560 1788 esse
591 1747 843 1801 exemplum,
874 1761 971 1788 cum
986 1747 1179 1788 Anniani
1209 1747 1341 1787 libros

60 1801 313 1855 inspiciendi
343 1805 417 1844 aut
446 1803 644 1844 voluntas
675 1817 746 1845 eos
777 1803 974 1844 deficeret
1003 1806 1077 1844 aut
1106 1803 1298 1845 facultas.

142 1857 339 1899 Ceterum
368 1859 435 1900 vel
464 1859 546 1901 hoc
576 1859 743 1901 videtur
773 1859 946 1901 dubium
962 1893 973 1913 7
1003 1874 1108 1900 num
1136 1862 1250 1901 recte
1280 1874 1343 1900 as-

56 1916 169 1955 serat
206 1914 453 1956 Victorinus
491 1918 674 1957 metrum
713 1915 826 1970 quod
857 1918 919 1957 est
949 1915 1143 1970 ‘quando
1174 1915 1344 1971 flagella

56 1970 176 2025 ligas,
198 1971 259 2012 ita
278 1970 387 2026 liga’
409 1971 620 2013 Faliscum
641 1987 812 2013 carmen
831 1975 1029 2013 vocatum
1049 1972 1102 2013 ab
1123 1973 1341 2013 Anniano.

57 2026 180 2068 Certe
217 2041 308 2068 non
347 2027 437 2069 solo
468 2027 549 2069 hoc
578 2043 756 2070 numero
787 2028 991 2082 opuscula
1021 2029 1110 2069 eius
1142 2042 1249 2082 quae
1279 2028 1342 2069 in-

57 2082 227 2137 scripsit
255 2082 421 2125 Falisca
451 2085 686 2138 composita
716 2099 805 2126 esse
837 2087 1014 2126 constat.
1077 2083 1215 2133 Quare
1246 2099 1342 2139 pro-

56 2138 152 2192 pius
183 2154 208 2180 a
235 2139 317 2180 fide
348 2141 493 2182 abesse
524 2141 718 2182 existimo
749 2141 819 2182 hic
840 2155 1009 2196 quoque
1031 2155 1127 2182 eum
1148 2143 1196 2182 ut
1216 2155 1341 2195 saepe

57 2195 223 2248 lapsum
254 2210 343 2237 esse
373 2196 691 2251 interpretando
723 2197 993 2239 Terentiano.
1049 2196 1163 2239 Nam
1193 2197 1342 2239 eodem

57 2251 289 2293 certissime
320 2267 460 2294 errore
490 2268 691 2308 praeceps
722 2253 844 2295 datus
873 2253 1005 2295 falsus
1036 2252 1227 2309 Servius,
1268 2253 1343 2308 qui
