1561 2511
163 71 215 112 38
673 76 934 112 ANNIANVS.

245 184 307 224 Ac
338 183 523 236 primum
554 183 723 237 quidem
752 198 841 225 non
871 185 1054 226 adducor
1078 189 1125 226 ut
1153 186 1318 227 credam
1339 203 1440 242 opu-

162 239 324 279 sculum
360 242 448 280 tam
478 239 668 280 ieiunum
697 243 739 281 et
767 240 986 282 indoctum
1015 256 1040 282 a
1069 243 1344 296 grammatico
1375 245 1440 285 sui

160 295 363 348 temporis
402 295 684 336 eruditissimo
723 310 811 336 esse
847 296 1106 351 profectum3
1145 312 1283 352 neque
1314 299 1439 353 enim,

160 354 208 391 ut
236 351 317 391 hoc
348 351 540 404 exemplo
572 354 667 392 utar
676 385 686 405 7
717 366 840 392 verus
870 352 941 393 ille
963 351 1132 394 Servius
1162 354 1439 408 galliambum

160 421 212 447 ex
248 406 426 448 dimetro
464 407 644 448 iambico
683 408 925 449 catalectico
966 423 1061 449 cum
1106 413 1334 463 anapaesto
1372 411 1440 452 vel

159 462 339 515 spondio
384 465 425 503 et
455 462 618 504 duobus
648 463 798 504 iambis
829 467 1022 505 constare
1053 465 1237 507 dixisset.
1297 466 1439 507 Etiam

158 518 240 559 hoc
270 518 507 559 notandum
537 519 651 572 quod
681 533 776 559 cum
814 520 859 559 in
897 520 1067 561 scholiis
1098 520 1267 562 Servius
1297 525 1439 575 poeta-

158 589 253 615 rum
284 589 428 615 versus
460 589 510 615 ex
539 575 723 628 plurima
752 575 935 616 lectione
955 577 1111 629 petitos
1132 576 1279 618 afferat
1304 592 1439 631 paene

159 630 504 683 innumerabiles7
527 631 765 671 centimetri
787 634 934 672 auctor
961 632 1064 673 adeo
1088 646 1159 673 eos
1180 633 1439 687 reformidat,

159 689 207 727 ut
236 701 289 727 ne
321 686 367 726 in
396 687 630 727 notissimis
661 686 830 740 quidem
859 688 1004 728 metris
1026 687 1206 742 Vergilii
1236 689 1323 730 sive
1353 690 1439 731 Ho-

161 742 259 783 ratii
291 742 482 795 exempla
512 757 706 796 promere
737 743 954 797 sustineat,
977 758 1082 797 quae
1114 744 1319 797 siquando
1350 760 1439 786 suc-

158 801 381 838 currerunt
400 812 447 839 ea
468 799 641 852 proprio
663 799 851 852 periculo
882 800 1092 840 invertere
1115 814 1241 854 quam
1271 801 1436 856 integra

159 854 359 894 adhibere
389 854 551 907 maluit,
584 855 692 895 sicut
721 855 881 896 factum
911 856 957 896 in
987 854 1198 909 Sapphico
1229 856 1325 898 illo:

241 909 385 951 Faune
415 910 700 964 nympharum
730 914 866 952 metus
897 914 939 952 et
968 911 1176 965 voluptas,

241 965 437 1019 Denique
468 981 593 1007 versu
622 967 696 1007 illo

268 1025 450 1063 mortem
481 1026 761 1064 contemnunt
790 1022 959 1064 laudato
991 1023 1164 1064 vulnere
1197 1022 1328 1065 Getae

156 1077 335 1118 indicari
365 1081 581 1119 auctorem
610 1093 699 1120 non
725 1078 993 1133 Rhadagaiso
1025 1082 1068 1120 et
1087 1079 1258 1121 Alarico
1289 1095 1439 1134 aequa-

155 1134 240 1174 lem
278 1134 331 1188 (is
372 1134 485 1174 enim
524 1134 667 1175 odium
704 1135 846 1188 potius
884 1135 951 1176 vel
991 1139 1282 1190 contemptum
1312 1151 1439 1191 quam

154 1189 323 1230 laudem
362 1190 489 1230 huius
528 1191 667 1245 gentis
706 1190 954 1246 declararet)
992 1191 1063 1232 sed
1094 1192 1167 1245 qui
1196 1192 1326 1233 fuerit
1356 1192 1439 1234 Go-

154 1246 329 1287 thorum
366 1246 557 1300 regibus,
594 1250 642 1287 ut
681 1250 743 1287 est
781 1247 826 1287 in
871 1247 1100 1301 chronicis,
1147 1248 1439 1290 obtinentibus

157 1302 327 1343 Italiam
356 1302 441 1343 iam
472 1302 574 1343 alibi
603 1303 751 1344 monui
784 1302 896 1359 [ann.
928 1303 1031 1357 phil.
1064 1318 1099 1344 a.
1125 1304 1233 1345 1866
1262 1319 1302 1358 p.
1324 1303 1437 1360 565}

155 1357 280 1399 Vnde
311 1357 456 1398 eadem
478 1358 605 1399 verba
626 1359 774 1400 similis
803 1359 1063 1400 condicionis
1092 1359 1221 1400 homo
1251 1359 1439 1401 Isidorus

154 1428 230 1468 per
261 1428 445 1455 errorem
475 1417 625 1468 poetae
654 1415 796 1456 nescio
819 1415 886 1455 cui
915 1415 1124 1469 adscripta
1154 1416 1206 1456 ad
1236 1416 1439 1457 extollen-

156 1470 252 1511 dam
283 1469 486 1511 Getarum
516 1471 716 1512 virtutem
756 1471 876 1512 affert
912 1472 957 1512 in
997 1471 1207 1512 chronicis
1240 1471 1324 1527 [pg.
1357 1473 1436 1513 731

156 1526 217 1567 ed.
252 1526 400 1582 Grot.].

241 1581 356 1630 Quae
395 1596 489 1623 cum
526 1582 586 1623 ita
623 1582 709 1623 sint
718 1616 728 1635 ,
767 1583 950 1623 Albinus
988 1583 1059 1623 ille
1098 1583 1171 1637 qui
1200 1583 1246 1624 in
1275 1583 1438 1637 praefa-

155 1638 274 1679 tione
305 1638 543 1679 centimetri
573 1642 831 1680 memoratur
852 1639 1019 1680 videtur
1046 1639 1176 1680 fuisse
1205 1639 1317 1679 filius
1348 1639 1437 1680 eius

157 1694 232 1747 qui
268 1709 304 1734 a.
343 1710 384 1748 p.
417 1693 514 1736 Chr.
546 1695 629 1736 493
668 1695 815 1735 consul
852 1694 989 1736 factus
1028 1698 1091 1736 est
1126 1695 1292 1748 imperii
1331 1695 1437 1736 occi·

155 1749 347 1790 dentalis.

239 1805 403 1847 Notum
441 1809 582 1846 autem
612 1805 748 1848 Servii
786 1807 853 1846 vel
884 1805 1021 1861 Sergii
1057 1821 1215 1847 nomen
1252 1820 1376 1860 saepe
1413 1822 1439 1848 a.

155 1861 338 1902 librariis
376 1862 504 1903 medii
550 1862 644 1903 aevi
690 1862 947 1916 adscriptum
992 1862 1172 1903 aliorum
1217 1865 1436 1903 auctorum

155 1917 399 1959 enchiridiis
436 1918 720 1973 grammaticis
760 1918 847 1959 sive
885 1918 1082 1959 metricis.
1141 1917 1254 1959 Nam
1284 1921 1327 1960 et
1353 1921 1435 1960 tra-

155 1977 291 2014 ctatus
330 1973 380 2015 de
414 1974 612 2015 finalibus
650 1974 722 2028 qui
752 1973 970 2015 Prisciano
1007 1974 1090 2015 fuit
1127 1975 1337 2016 recentior
1367 1973 1434 2031 [cf.

154 2044 253 2071 ann.
286 2029 388 2083 phil.
421 2030 447 2071 l.
479 2029 550 2086 m.]
583 2033 625 2071 et
654 2030 805 2071 incerti
841 2031 1045 2084 temporis
1074 2030 1241 2071 libellus
1272 2030 1321 2071 de
1351 2045 1435 2072 me-

152 2086 230 2126 tris
260 2085 508 2127 Horatianis
540 2086 675 2127 eidem
704 2087 855 2127 tributi
885 2085 1062 2127 homini.

241 2141 323 2183 Sed
352 2145 399 2182 ut
419 2156 565 2183 revera
587 2142 801 2196 scripserit
821 2143 1116 2183 centimetrum
1137 2141 1320 2195 Servius7
1346 2156 1436 2183 non

155 2200 300 2238 tamen
335 2198 584 2251 probabitur
627 2199 872 2240 testimonio
911 2199 1000 2239 eius
1036 2197 1183 2240 Sereni
1228 2212 1316 2239 esse
1361 2198 1436 2239 illa

158 2253 351 2307 ‘quando
383 2254 550 2308 flagella
580 2254 699 2309 ligas,
730 2255 789 2296 ita-
817 2255 940 2309 liga'.
991 2253 1103 2295 Nam
1122 2268 1301 2308 versum⁷
1323 2253 1435 2295 unde
