1561 2511
1349 67 1367 74 ..α

593 69 855 104 ANNIANVS.
1318 67 1372 108 30

88 192 157 219 sae
195 178 277 218 viri
324 177 497 218 summis
542 176 804 230 assiduisque
842 176 1036 217 laudibus
1073 177 1152 218 hos
1190 177 1370 232 Vergilii

88 249 234 275 versus
265 234 479 285 ferebant,
511 233 664 286 quibus
694 232 935 273 Volcanum
967 235 1010 273 et
1038 232 1250 274 Venerem
1280 234 1371 274 iun-

88 293 178 332 ctos
209 290 447 342 mixtosque
468 289 559 329 iure
581 288 791 343 coniugii,
822 303 912 328 rem
942 288 1035 343 lege
1066 293 1242 330 naturae
1274 304 1371 344 ope-

86 346 296 399 riendam,
335 344 574 385 verecunda
611 344 793 398 quadam
830 344 1109 386 translatione
1145 347 1369 387 verborum

87 417 183 444 cum
214 400 455 443 ostenderet
485 400 876 454 demonstraretque
906 401 1104 454 protexit

171 457 397 499 Annianus
436 459 564 511 poeta
602 457 647 497 in
690 456 825 498 fundo
863 471 958 510 3110,
1010 472 1136 511 quem
1177 458 1223 498 in
1267 473 1369 514 agro

86 514 252 555 Falisco
290 513 556 567 possidebat
595 513 756 568 agitare
794 515 885 554 erat
921 513 1070 555 solitus
1114 494 1371 555 vindemiam

84 570 218 611 hilare
249 572 375 623 atque
407 570 652 610 amoeniter.

166 625 305 680 Igitur
334 625 404 666 hic
435 625 500 666 vir
521 639 647 679 quem
677 628 720 666 et
748 625 1027 666 litteratorem
1049 629 1240 667 veterum
1271 628 1369 668 scri-

83 684 253 736 ptorum
273 695 369 722 cum
384 681 532 735 primis
550 682 763 723 curiosum
783 681 1026 736 1161161666
1046 685 1217 736 poetam
1238 683 1368 724 fuisse

83 737 213 779 tradit
243 737 405 778 Gellius
436 738 604 791 scripsit
633 737 780 792 idyllia
811 738 963 791 quibus
1002 739 1154 779 ruralis
1186 740 1272 780 vita
1302 739 1369 780 de-

81 794 329 849 pingeretur
357 793 520 835 incerto
550 794 757 835 librorum
787 808 987 847 numero3
1019 809 1098 835 nec
1119 796 1233 836 enim
1255 796 1368 850 quie-

84 865 211 904 quam
243 850 400 890 efficias
430 864 553 891 versu
584 850 831 891 Terentiani
865 850 985 891 1820.
1045 850 1120 891 Ε13
1152 851 1202 892 (16
1233 851 1366 893 fundo

81 906 156 947 1110
198 907 244 947 111
283 906 545 948 Faliscorum
589 910 704 947 terra
759 907 840 947 sito
883 906 1059 947 Faliscis
1100 922 1259 949 nomen
1302 909 1365 949 in-

81 962 198 1004 didit.
260 961 456 1003 Ceterum
497 963 563 1003 1113
608 977 865 1016 quamquam
909 962 1023 1004 haud
1067 963 1192 1004 dubie
1237 965 1364 1005 etiam

81 1019 241 1060 inserta
268 1018 386 1059 fuere
418 1019 575 1059 erotica
605 1018 938 1072 661·1111116,1(16111
968 1022 1112 1060 tamen
1143 1034 1365 1076 argumen-

79 1078 171 1116 tum
209 1075 392 1128 pr·op1iis
422 1074 784 1116 Fescenninorum
822 1075 1035 1128 opusculis
1073 1055 1365 1118 videturesse

80 1134 334 1185 persecutus.
393 1130 504 1172 Nam
533 1131 762 1184 Ausonius,
795 1131 867 1185 qui
897 1131 1012 1172 solus
1043 1146 1190 1173 eorum
1220 1134 1365 1174 memi-

80 1187 145 1228 nit
175 1187 220 1227 in
250 1187 420 1241 epilogo
451 1187 643 1228 centonis
673 1164 876 1241 nuptialis
917 1186 1001 1243 [pg.
1026 1187 1110 1228 124
1141 1189 1202 1230 ed.
1236 1189 1331 1243 Bip.
1336 1190 1363 1245 Ι,

78 1244 326 1284 Annianum
372 1246 580 1284 memorat
616 1243 727 1284 inter
770 1258 841 1284 eos
885 1246 1099 1299 auctores,
1147 1246 1219 1299 qui
1261 1247 1363 1286 10113

78 1299 196 1340 libris
226 1299 427 1340 lascivam
456 1300 732 1341 tractaverim
761 1300 994 1341 materiam.

161 1355 428 1396 Difficillima
464 1359 527 1397 est
564 1357 755 1410 quaestio
796 1355 845 1396 de
885 1355 1043 1397 Sereno
1074 1358 1266 1398 Anniani
1304 1373 1364 1399 se-

79 1414 252 1465 ctatore,
285 1426 412 1474 quam
441 1414 585 1453 tamen
614 1412 742 1467 longe
782 1412 905 1453 aliter
935 1413 1238 1467 expediendam
1269 1428 1363 1455 cen-

78 1482 148 1508 seo
180 1482 227 1508 66
258 1467 396 1508 visum
427 1471 490 1509 est
509 1468 799 1522 Lachmanno,
831 1469 905 1522 qui
927 1468 1125 1510 disseruit
1146 1470 1195 1511 (16
1226 1471 1363 1524 poetis

78 1538 184 1577 quos
215 1523 301 1564 dixi
330 1524 376 1564 in
412 1524 676 1578 praefatione
707 1524 953 1565 Terentiani
984 1525 1069 1588 [pg.
1101 1525 1207 1567 XIII
1238 1526 1359 1583 sqq.]‚

76 1580 150 1620 ubi
186 1580 388 1621 Anniano
426 1580 592 1622 Falisco
630 1580 918 1622 Fescenninos
958 1596 1046 1623 Sive
1085 1582 1247 1623 ludicra
1277 1598 1363 1624 661-

76 1636 194 1676 mina
222 1636 441 1689 adscribit,
481 1637 594 1690 quod
632 1651 766 1692 genus
796 1638 1005 1691 poematis
1033 1639 1259 1692 postmodo
1292 1639 1360 1681 Se.-

76 1692 250 1746 ptimius
281 1690 463 1733 Serenus
493 1672 668 1734 Faliscis
707 1694 792 1734 31113
823 1695 1105 1736 renovaverit.
1167 1694 1248 1736 Sed
1278 1697 1362 1750 pri-

76 1763 192 1788 mum
231 1749 421 1789 omnium
458 1750 704 1792 testimonia
746 1752 937 1791 veterum
977 1751 1131 1804 quibus
1169 1753 1362 1807 tangitur

75 1819 160 1858 1·,63
199 1804 249 1845 (16
286 1819 369 1858 qua
407 1805 567 1860 agitur,
607 1820 702 1847 cum
733 1820 833 1847 cura
863 1807 1149 1860 expendenda
1210 1808 1358 1862 Itaque

76 1838 188 1915 apu’d
218 1860 311 1901 Ter.
343 1876 409 1902 vv.
444 1861 550 1903 1988
581 1877 670 1916 sqq.
702 1862 807 1904 haec
836 1863 1057 1918 leguntur·

160 1916 322 1970 syllaba
349 1920 567 1971 praeterea
596 1933 774 1960 numero
806 1918 1103 1973 superadditur
1132 1920 1215 1961 isti.

158 1987 249 2014 non
277 1972 408 2015 refert
437 1975 592 2028 qualis,
624 1989 721 2016 cum
751 1975 806 2016 sit
835 1990 1032 2030 suprema
1060 1977 1215 2018 futura.

159 2029 240 2070 hoc
270 2029 402 2070 refert
431 2045 551 2084 sane,
582 2008 722 2073 brevis
753 2034 801 2072 ut
829 2032 1092 2095 paenultima
1120 2033 1216 2086 fiat,

159 2085 310 2126 ultima
340 2100 446 2140 quae
476 2089 611 2128 metro
641 2087 724 2129 fuit
752 2088 835 2129 hoc
865 2088 1040 2130 inventa
1071 2066 1230 2131 Sereni.

160 2157 260 2182 nam
290 2142 412 2196 lyrici
443 2143 639 2197 quotiens
670 2159 745 2185 3116
774 2145 925 2186 volunt

160 2198 348 2239 carmina
375 2213 452 2253 per
480 2200 619 2241 varios
650 2200 747 2242 dare
778 2215 924 2254 301103,

159 2254 353 2308 pluribus
384 2255 458 2296 illa
486 2256 621 2298 modis
652 2257 713 2298 ita
741 2272 826 2298 nov
829 2261 914 2299 ant.
