1561 2511
456 78 724 115 MARIANVS.
765 77 859 114 INC.
881 76 1018 112 AVCT.
1324 71 1378 113 53

483 233 585 280 VH.
645 231 991 279 MARIANVS.

184 356 249 398 De
281 354 475 396 Mariano
506 353 855 407 Luper-calicrum
891 355 1019 407 poeta
1049 352 1321 393 disseruimus
1351 353 1379 394 1.

92 429 134 454 11.
166 426 237 468 pg.
272 411 363 452 103.
407 409 605 451 Videnda
635 409 762 450 etiam
793 423 900 463 quae
930 409 1099 450 notavit
1128 408 1214 450 Leo
1246 408 1298 449 ad
1330 423 1379 449 ea

95 484 202 523 quae
233 466 454 520 adscripsit
485 465 655 507 Servius
695 466 782 506 sive
818 465 961 519 potius
1000 464 1280 518 interpolator
1310 479 1381 505 ne-

75 524 257 579 scioqui
289 523 421 577 eclog.
453 522 584 577 Verg.
614 522 636 563 I
666 521 806 563 versui
836 521 903 562 20.

96 584 132 622 1.
362 578 432 620 sed
465 578 561 619 diva
590 578 700 619 flava
731 580 773 619 et
802 577 981 618 candida

365 635 503 676 Roma
532 635 760 688 Aesculapi
790 634 878 674 filia

364 705 522 732 nomen
552 705 713 732 novum
742 690 866 731 Latio
897 689 1023 743 facit,

368 762 451 801 quo
484 746 729 788 conditricis
759 746 932 787 nomine

366 804 450 844 iam
481 802 662 844 Romam
693 803 745 843 ab
777 803 869 856 ipso
902 816 1048 843 omncs
1082 805 1246 843 vocant.

182 860 477 914 Philargyrius
508 859 560 900 ad
591 860 665 900 ecl.
696 859 728 913 Ι,
749 859 824 900 2οε
855 858 993 899 Roma
1023 862 1065 899 et
1094 862 1192 899 ante
1223 857 1380 900 Romu-

91 916 182 956 lum
221 915 327 969 fuit3
367 918 410 956 et
445 930 471 956 a
501 915 578 956 dea
608 930 700 956 eam
731 915 811 956 sibi
841 929 999 956 nomen
1029 914 1261 968 adquisisse
1292 914 1380 956 Ma-

91 973 237 1013 rianus
281 971 629 1026 Lupercaliorum
678 974 805 1025 poeta
849 972 908 1012 sic
956 971 1142 1012 ostendit
1179 971 1299 1012 ‘sed’
1343 986 1377 1012 e.

94 1043 132 1082 q.
166 1042 197 1069 s.
257 1027 443 1069 Eosdem
480 1042 645 1081 versus,
685 1028 719 1068 si
756 1028 859 1068 fides
902 1027 1116 1068 codicibus
1145 1027 1380 1081 nonnullis,

95 1084 225 1125 etiam
257 1083 426 1125 Servius
456 1083 637 1138 protulit
674 1083 726 1124 ad
755 1084 797 1125 h.
828 1084 855 1125 l.
916 1082 1058 1124 Secuti
1089 1098 1232 1124 sumus
1263 1098 1380 1137 prae-

93 1144 159 1181 ter
188 1140 387 1180 ultimum
424 1155 462 1180 v.
495 1138 720 1194 Scaliger-i,
760 1154 867 1194 quae
899 1139 951 1180 ad
981 1139 1128 1181 Manil.
1160 1139 1265 1194 ΠΠ,
1299 1140 1380 1181 775

91 1196 321 1250 prompsit,
360 1197 547 1237 inventa.
606 1195 719 1237 Nam
757 1196 869 1250 apud
912 1196 1230 1251 Philargyrium
1275 1196 1380 1237 hacc

93 1252 298 1307 leguntur
326 1254 509 1293 testante
530 1252 732 1307 Hageno:
765 1252 860 1293 esed
890 1252 940 1293 de
970 1252 1080 1294 flavo
1112 1255 1155 1293 et
1184 1266 1289 1294 cano
1321 1253 1382 1293 ita

90 1307 229 1349 Roma
257 1308 331 1349 abs
363 1308 528 1362 colapia
563 1323 721 1350 nomen
750 1323 911 1350 novum
942 1308 1065 1350 Latio
1103 1308 1226 1363 facit,
1265 1308 1380 1362 quod

93 1364 338 1405 conditricis
368 1365 542 1405 nomine
581 1365 633 1406 ab
672 1365 764 1419 ipso
797 1380 942 1406 omnes
973 1364 1155 1406 Romam
1185 1368 1378 1407 vocant'.

91 1420 220 1474 Apud
259 1419 477 1474 Servium,
516 1421 590 1461 ubi
621 1421 779 1462 similes
809 1425 909 1462 sunt
939 1421 1102 1475 sordes,
1142 1421 1214 1463 sed
1243 1422 1380 1476 magis

92 1477 220 1517 etiam
250 1477 411 1572 inclerta
447 1476 690 1518 traditionis
734 1477 837 1518 fides
867 1477 1058 1519 Marinus
1088 1477 1378 1532 Lupercorum

89 1536 217 1586 poeta
248 1533 377 1574 autit.

437 1656 673 1698 INCERTI
703 1657 1020 1699 AVCTORES.

93 1757 129 1798 1.
419 1758 519 1798 dum
549 1758 780 1800 semhiulco
812 1759 928 1800 savio

416 1828 558 1855 meum
586 1814 776 1868 puellum
808 1816 949 1857 savior

417 1870 666 1925 dulcemque
696 1871 844 1913 florem
875 1872 1048 1926 spiritus

417 1925 522 1967 duco
555 1941 605 1967 ex
635 1930 782 1981 aperto
813 1928 1002 1983 tramite,

418 1982 560 2023 anima
589 1997 716 2039 aegra
746 1998 888 2025 amore
920 1987 963 2025 et
992 1986 1134 2026 saucia

418 2039 603 2080 cucurrit
632 2039 685 2080 ad
714 2040 847 2081 labias
877 2041 1004 2095 mihi,

417 2095 654 2150 rictumque
684 2096 731 2137 in
761 2097 845 2138 oris
875 2098 1069 2151 pervium

415 2154 457 2192 et
486 2151 604 2192 labra
631 2153 754 2206 pueri
783 2153 951 2207 mollia,

416 2208 569 2249 rimata
598 2208 743 2250 itineri
772 2210 996 2264 transitus,

415 2267 462 2305 ut
491 2265 744 2319 transiliret,
775 2266 939 2307 nititur.
