1561 2511
594 67 854 102 ANNIANVS.
1309 64 1364 106 43

79 190 193 216 mus:
224 190 323 216 nam
353 176 432 216 tibi
461 174 605 215 notius
635 174 717 216 1100
737 189 873 229 genus
894 175 985 228 erit,
1017 175 1202 216 carmine
1224 176 1364 229 siquid

80 232 133 272 ab
174 231 255 272 hoc
292 245 473 285 posuero
511 229 703 284 ‘quando
743 231 934 285 flagella'
973 245 1007 271 e.
1040 245 1079 285 q.
1112 246 1143 272 3.
1203 231 1363 273 Marius

79 287 327 329 Victorinus
364 300 433 341 pg.
469 286 547 328 178
586 286 632 327 in
669 286 856 327 eiusdem
893 287 1017 328 metri
1051 287 1266 340 exemplo:
1316 291 1363 328 ut

80 346 143 385 est
172 343 277 384 illud
298 342 446 384 Sereni
479 342 670 396 ‘quando
692 368 747 372 —
768 346 914 397 eant';
947 342 1059 384 idem
1089 343 1234 397 paullo
1265 347 1364 397 post

78 414 222 440 rursus
260 398 398 439 adfert
434 414 472 439 v,
504 399 543 440 2.
590 423 644 428 --
692 398 862 440 Servius
901 398 953 440 ad
991 414 1084 440 aen.
1115 399 1220 452 IIII,
1258 400 1361 441 291:

83 470 184 497 sane
221 454 390 508 quando
428 454 480 495 do
520 455 639 496 brevi
678 458 742 496 est
776 455 1048 509 naturaliter3
1089 455 1149 496 310
1179 454 1362 497 Serenus

79 526 148 564 qu.
170 536 224 541 -
245 511 343 565 liga.
366 535 422 541 —
437 510 597 552 Eadem
614 510 753 552 Schol.
772 510 877 553 Stat.
900 511 952 552 ad
971 511 1086 552 theb.
1103 511 1180 566 HI,
1195 512 1289 553 311.
1311 536 1360 541 —-

77 567 344 622 Augustinus
384 567 433 608 de
471 567 631 608 musica
666 567 771 621 IIII,
800 568 874 608 30:
918 568 953 608 si
991 567 1180 608 Faliscus
1217 569 1361 609 nescio

79 623 152 677 qui
181 625 316 664 metra
363 623 424 664 ita
461 624 700 677 composuit
748 625 796 664 ut
832 623 938 665 haec
976 626 1132 665 sonant
1169 624 1360 678 ‘quando

77 679 260 734 flagella?
283 694 316 720 e.
340 694 379 733 q.
402 694 432 720 3.
455 705 510 709 -
533 679 716 721 Versum
735 680 921 734 primum
942 682 984 721 et
1004 679 1236 721 secundum
1256 680 1361 722 Iuba

76 735 275 776 metricus
305 736 490 789 respexit
526 736 572 777 in
603 736 795 790 exemplo
827 735 1103 777 confusorum
1132 750 1181 778 ac
1210 736 1361 777 mixto-

76 806 170 832 rum
199 791 353 846 dactyli
382 791 642 846 spondeique
673 806 721 833 ac
750 792 952 845 trochaei,
985 792 1099 846 quod
1129 793 1251 834 affert
1269 792 1360 834 Pri-

75 848 242 888 scianus
263 848 309 888 in
334 848 442 889 libro
465 847 514 889 (le
535 848 681 889 metris
702 847 890 889 Terentii
920 862 990 903 pg.
1017 848 1137 890 1322.
1189 849 1360 904 ‘Iugas'

77 904 224 958 ‘iuga’
247 903 549 957 Terentianus3
582 907 624 945 et
645 905 920 945 confirmatur
939 904 1020 946 hoc
1043 905 1102 945 eis
1134 919 1240 959 quae
1262 908 1363 947 sunt

75 959 187 1013 apud
206 959 378 1013 Iubam3
405 960 557 1015 ‘ligas’
582 961 715 1015 ‘liga’
738 960 999 1013 Victorinus,
1021 960 1205 1014 Servius,
1228 961 1359 1003 schol.

75 1015 194 1069 Stat„
226 1031 292 1070 ap.
325 1031 451 1070 quem
481 1019 545 1058 est
575 1017 775 1070 ‘italica’‚
807 1017 1087 1072 Augustinus.
1119 1016 1236 1059 Nota
1255 1018 1361 1058 illud

75 1072 326 1113 ‘Amineas'
365 1072 504 1113 efferri
542 1073 747 1127 correptis
785 1073 969 1114 secunda
1006 1076 1050 1114 et
1078 1074 1223 1126 tertia,
1255 1089 1360 1128 quas

73 1127 315 1182 producunt
334 1127 551 1183 Vergilius
572 1142 718 1184 georg.
739 1129 794 1182 H,
817 1129 870 1171 97
893 1132 935 1170 et
955 1128 1110 1171 Samm.
1132 1130 1229 1171 544.
1269 1130 1359 1172 Nec

72 1187 216 1225 tamen
236 1184 280 1225 id
307 1185 480 1238 mirum,
510 1199 606 1226 cum
627 1185 799 1239 quidam
817 1183 964 1227 Servio
995 1188 1166 1227 auctore
1187 1186 1360 1228 Amine-

72 1254 145 1280 um
183 1241 331 1281 vinum
371 1240 530 1282 dictum
566 1256 655 1283 esse
691 1241 885 1295 putarint
923 1242 1043 1296 quasi
1081 1242 1172 1283 sine
1211 1243 1358 1285 minio.

71 1295 196 1338 Vnde
234 1299 276 1338 et
305 1298 522 1339 Ausonius
553 1299 673 1352 epist.
705 1297 873 1351 XVIII,
904 1299 956 1339 31
995 1313 1073 1352 pro
1112 1298 1358 1341 choriambo

71 1353 216 1406 posuit
244 1354 486 1395 Amineum.
548 1354 743 1395 Ceterum
783 1368 879 1395 cum
908 1354 1202 1396 recordatione
1232 1355 1359 1396 huius

73 1408 303 1463 fragmenti
325 1410 609 1463 compositum
631 1413 695 1451 est
714 1413 897 1451 metrum
928 1409 1069 1452 Boetii
1100 1411 1206 1452 illud
1253 1411 1290 1452 d.
1323 1426 1356 1453 c.

71 1464 141 1518 ph.
165 1464 240 1518 ΠΙ,
268 1464 303 1521 1]
336 1466 432 1520 ‘qui
462 1480 598 1508 serere
629 1467 865 1522 ingenuum
885 1467 1002 1508 volet
1021 1481 1184 1522 agrum,
1205 1466 1236 1508 li
1269 1471 1359 1509 erat

71 1535 173 1561 arva
201 1521 318 1575 prius
347 1521 608 1564 fruticibus'.

70 1577 109 1618 4.
318 1575 457 1633 [acuta
486 1578 593 1620 falce
624 1579 659 1620 si
690 1579 874 1621 virentes
904 1578 1109 1636 aesculos]

155 1632 260 1675 Mar.
292 1634 404 1676 Vict.
436 1649 506 1690 pg.
542 1636 640 1677 131:
679 1635 751 1676 sed
781 1638 824 1676 et
851 1635 1088 1677 bacchiacis
1119 1639 1162 1677 et
1191 1637 1357 1678 creticis

72 1689 443 1744 coniugationibus
474 1690 660 1745 adaeque
690 1692 756 1733 1131
786 1695 887 1733 sunt
915 1695 964 1733 ut
994 1694 1058 1733 est
1086 1692 1169 1734 hoc
1200 1696 1356 1734 ‘acuta’

72 1759 106 1785 e.
130 1759 170 1799 q.
193 1760 224 1787 3.
257 1745 400 1802 Vulgo
423 1747 639 1789 ‘esculos'.
684 1747 802 1789 Haec
824 1748 1025 1790 Anniano
1048 1763 1174 1802 quam
1197 1748 1354 1791 Sereno

70 1800 197 1842 tribui
216 1803 362 1845 tutius.
392 1828 450 1834 —
478 1802 678 1845 Ceterum
697 1807 885 1859 nugatur
905 1805 1227 1859 grammaticus3
1256 1820 1357 1846 nam

68 1856 199 1898 habes
246 1858 481 1913 ingenuum
523 1860 764 1902 trimetrum
807 1860 1038 1902 iambicum
1083 1861 1265 1903 admisso
1310 1862 1357 1903 in

70 1913 162 1967 pari
193 1914 288 1955 sede
319 1915 519 1970 spondeo.

472 2083 530 2126 II.
578 2083 944 2128 FESOENNINI.

153 2195 370 2237 Ausonius
399 2196 445 2237 in
476 2197 680 2251 epimetro
713 2198 906 2239 centonis
935 2198 1153 2252 nuptialis,
1183 2199 1257 2240 ubi
1287 2213 1355 2240 ex-

70 2253 187 2292 cusat
207 2251 296 2292 eius
316 2251 534 2294 lasciviam
565 2257 688 2295 ‘nam
709 2254 812 2308 quid
831 2254 1023 2296 Anniani
1051 2254 1353 2309 Fescenninos,
