1561 2511
207 449 328 512 DE
363 446 671 513 POETIS
711 448 1081 513 SAEOVLI
1115 450 1193 513 V.
1230 450 1293 514 O.
1331 452 1412 514 X.

251 580 460 622 Hadriani
500 595 525 621 a
563 583 753 634 tempore
785 594 879 621 cum
909 582 1041 635 ipsius
1071 582 1274 637 principis
1305 586 1445 625 aucto-

169 637 294 678 ritate
334 651 478 677 rursus
517 637 669 677 coalita
707 639 817 678 esset
845 637 1026 679 imitatio
1057 638 1309 692 scriptorum
1339 640 1446 680 anti-

168 693 488 747 quissimor,um
521 689 776 746 quamquam
804 707 902 733 suus
933 707 1097 747 semper
1126 695 1282 736 mansit
1308 695 1446 737 honos

168 749 384 804 Vergilio,
416 752 559 790 tamen
589 749 779 802 priorum
804 751 939 790 aetate
959 752 1181 803 poetarum
1210 751 1345 805 magis
1375 752 1446 793 ob-

165 807 388 846 servarunt
413 805 604 858 exempla
624 804 834 846 Frontoni
856 805 1061 859 aequales.
1112 805 1148 847 E
1181 807 1332 860 quibus
1361 822 1445 848 ma-

160 862 273 902 xime
302 861 417 902 fama
448 861 724 924 percrebuere
751 864 918 923 praeter
945 862 1083 915 ipsum
1112 861 1377 903 Hadrianum
1397 862 1445 903 P.

163 917 334 958 Annius
372 916 544 970 Florus,
585 917 744 957 amicus
783 917 890 971 eius,
933 920 975 958 et
1011 918 1153 971 paullo
1191 918 1447 972 posteriores

162 975 299 1014 aetate
329 972 556 1013 Annianus
594 972 802 1025 Faliscus,
833 973 967 1014 11111115
997 972 1191 1028 Paullus,
1222 974 1269 1015 L.
1300 975 1447 1037 Appu-

161 1030 280 1070 leius.
341 1027 465 1070 Vnde
509 1028 707 1070 nonnulli
755 1006 897 1070 Plauti
940 1029 1212 1093 Terentiique
1259 1030 1447 1071 senarios

162 1074 366 1126 iambicos
397 1087 440 1125 et
468 1085 706 1125 trochaicos
740 1085 1002 1139 septenarios
1040 1086 1223 1140 propriis
1254 1086 1447 1127 carmini-

161 1142 240 1182 bus
261 1143 562 1182 restauravele.
614 1139 695 1182 Sed
725 1141 867 1194 plures
897 1142 1031 1182 multo
1056 1141 1201 1183 Laevii
1222 1141 1448 1183 Varronis-

163 1211 244 1251 que
274 1199 316 1237 et
343 1197 584 1250 aequalium
614 1197 729 1237 hisce
753 1200 984 1238 metrorum
1007 1198 1355 1239 numerositatem
1377 1213 1446 1252 ap-

161 1253 463 1316 probaverunt.
507 1251 589 1301 Qui
620 1252 738 1293 fuere
768 1253 1061 1307 multiformes,
1092 1254 1260 1307 tenelli,
1292 1254 1447 1308 arguti,

161 1309 316 1350 nitoris
348 1323 475 1362 supra
497 1323 623 1363 quam
651 1309 763 1349 credi
792 1312 934 1363 potest
963 1287 1159 1363 studiosi,
1192 1324 1447 1364 quamquam

162 1367 323 1406 certum
355 1368 419 1405 est
455 1365 689 1419 simplicem
718 1365 885 1418 pulchri
911 1366 1098 1419 rectique
1130 1380 1298 1406 sensum
1327 1365 1447 1406 nullo

160 1421 259 1462 fuco
289 1420 502 1474 nullisque
533 1421 756 1462 lenociniis
786 1436 910 1475 posse
941 1422 1217 1475 compensari.
1281 1421 1447 1475 Nempe

163 1477 262 1517 dum
284 1477 479 1518 varietati
501 1480 733 1518 metrorum
755 1480 797 1518 et
826 1478 1060 1532 elegantiae
1089 1477 1344 1531 consulitur,
1372 1477 1448 1518 mi-

161 1548 265 1574 nore
297 1547 392 1574 eum
435 1547 534 1574 cura
572 1533 814 1574 habuerunt
852 1533 957 1574 illud
988 1548 1094 1587 quae
1125 1534 1277 1587 cuique
1309 1536 1448 1574 essent

163 1592 263 1643 apta
301 1589 490 1630 carmini.
550 1589 674 1631 Vnde
713 1592 755 1630 et
785 1588 967 1631 Serenus
1003 1604 1068 1631 res
1106 1590 1305 1631 leviculas
1334 1588 1448 1630 haud

167 1660 263 1686 raro
303 1645 566 1686 cothurnatis
602 1646 869 1699 persequitur
907 1646 1094 1686 numeris
1125 1648 1167 1686 et
1196 1645 1366 1698 quidam
1397 1659 1447 1685 eo

164 1701 399 1742 dementiae
447 1702 680 1756 progressi,
732 1704 780 1742 ut
825 1702 931 1755 epici
982 1702 1178 1742 carminis
1226 1701 1447 1742 materiam

163 1757 352 1798 dimetris
391 1757 583 1798 iambicis
621 1760 902 1798 attenuarent.
961 1757 1055 1798 Hoc
1094 1760 1157 1798 est
1194 1757 1307 1810 quod
1345 1757 1446 1797 dicit

165 1812 454 1861 Quintilianus
492 1814 601 1854 circa
639 1813 835 1854 stilicidia
873 1813 1005 1867 affici,
1046 1813 1095 1854 de
1126 1814 1344 1854 maiestate
1374 1827 1448 1866 po-

164 1869 256 1922 puli
286 1868 469 1910 Romani
501 1869 678 1910 demisse
709 1883 831 1924 agere
863 1872 905 1910 et
934 1870 1157 1910 subtiliter.

252 1924 449 1966 Ceterum
488 1925 611 1966 omisi
649 1939 793 1966 versus
824 1925 938 1980 illos,
978 1926 1050 1979 qui
1081 1925 1192 1979 apud
1223 1925 1447 1979 scriptores

161 1980 369 2022 historiae
407 1982 627 2036 Augustae
666 1984 912 2035 occurrunt,
950 1996 1004 2022 ne
1042 1982 1257 2022 barbaries
1293 1981 1445 2022 horum

163 2037 355 2078 Anniani
387 2052 433 2078 ac
464 2036 610 2078 Sereni
642 2041 683 2078 et
712 2038 971 2091 reliquorum
1003 2038 1191 2079 officeret
1219 2037 1362 2090 nitori,
1395 2036 1447 2076 si-

162 2093 251 2133 mul
283 2093 381 2147 quia
411 2108 659 2147 persuasum
688 2097 777 2134 erat
808 2108 878 2134 eos
908 2094 1058 2134 melius
1088 2093 1291 2135 reservari
1322 2092 1446 2146 syllo-

163 2162 240 2203 gae
271 2149 354 2202 illi,
394 2163 477 2203 quo
510 2150 676 2204 omnia,
716 2153 926 2204 quotquot
956 2153 1121 2204 extant,
1155 2149 1446 2191 Romanorum

162 2205 351 2245 carmina
381 2206 605 2260 popularia
639 2206 969 2259 complectimur.
