1561 2511
147 42 173 84 8
645 45 923 80 NAMATIANI

229 154 330 196 Non
360 153 447 195 illic
477 156 604 208 gustu
633 153 777 195 latices
806 153 1011 195 vitiantur
1041 167 1202 206 amaro,

286 210 532 264 Lymphave
563 210 750 250 fumifico
783 209 982 263 sulphure
1012 210 1146 250 tincta
1176 209 1302 250 calet:

232 267 369 308 Purus
401 266 504 307 odor
534 266 757 319 mollisque
789 279 914 319 sapor
943 265 1133 306 dubitare
1163 265 1375 306 lavantem

289 322 433 377 Cogit,
465 337 548 376 qua
576 322 726 362 melius
755 324 874 375 parte
899 323 1098 375 petantur
1127 335 1271 374 aquae.

146 390 211 419 ‘2235
233 379 411 421 Credere
441 378 477 419 si
508 377 684 432 dignum
713 377 871 431 famae,
902 377 1125 432 flagrantia
1153 380 1299 418 taurus

286 434 549 489 Investigato
580 433 699 474 fonte
730 433 897 474 lavacra
927 432 1039 474 dedit
1047 466 1058 486 ,

231 491 292 532 Vt
321 490 429 531 solet
459 489 646 531 excussis
676 503 864 544 pugnam
894 488 1137 542 praeludere
1167 488 1321 543 glebis7

289 546 440 600 Stipite
473 560 568 586 cum
598 545 735 600 rigido
767 559 925 586 cornua
953 559 1090 598 prona
1118 545 1237 585 terit:

232 604 329 645 Sive
361 602 481 654 deus7
511 601 664 642 faciem
693 601 895 641 mentitus
926 603 967 641 et
998 615 1071 642 ora
1099 600 1286 650 iuvenci,

146 669 213 700 ⁶260
289 658 442 699 Noluit
471 657 656 698 ardentis
687 656 799 698 dona
826 657 957 698 latere
988 656 1089 709 soli3

233 715 376 763 Qualis
407 713 622 768 Agenorei
656 716 853 766 rapturus
883 712 1037 767 gaudia
1065 712 1169 753 furti

287 771 370 811 Per
398 770 508 810 freta
537 769 777 824 virgineum
808 768 1053 810 sollicitavit
1083 783 1202 809 onus.

230 827 377 868 Ardua
405 840 494 867 non
525 825 637 866 solos
668 825 843 866 deceant
871 825 1074 865 miracula
1105 824 1268 865 Graios.

287 884 519 923 Auctorem
549 880 750 935 pecudem
781 881 878 922 fons
908 880 1126 921 Heliconis
1155 880 1304 921 habet:

146 949 211 980 265
231 939 407 980 Elicitas
438 937 565 978 simili
597 936 813 978 credamus
844 937 1008 990 origine
1037 935 1250 990 lymphas,

287 994 504 1035 Musarum
534 996 583 1034 ut
612 993 756 1034 latices
786 993 947 1047 inigula
975 992 1085 1033 fodit
1112 992 1221 1045 equi.

230 1051 347 1092 Haec
377 1064 544 1104 quoque
575 1049 726 1090 Pieriis
756 1048 965 1102 spiracula
995 1050 1210 1101 comparat
1239 1047 1374 1088 antris

289 1106 485 1149 Carmine
515 1104 737 1146 Messallae
767 1105 1016 1146 nobilitatus
1047 1118 1167 1159 ager3

231 1164 552 1215 Intrantemque
584 1162 697 1215 capit
732 1160 1097 1213 discedentemque
1126 1162 1316 1201 moratur

148 1229 214 1259 ‘270
291 1219 491 1260 Postibus
521 1217 706 1258 adfixum
736 1217 855 1258 dulce
885 1231 1037 1271 poema
1066 1216 1206 1257 sacris.

232 1275 314 1316 Hic
345 1277 427 1328 est,
460 1274 532 1328 qui
562 1274 698 1327 primo
731 1274 881 1314 seriem
912 1272 961 1313 de
993 1271 1175 1314 Consule
1207 1272 1343 1324 ducit7

289 1331 433 1385 Vsque
465 1330 517 1371 ad
547 1330 788 1370 Publicolas
818 1330 853 1369 si
883 1329 1100 1369 redeamus
1130 1342 1250 1369 avos:

234 1388 316 1428 Hic
347 1390 389 1428 et
419 1386 621 1440 praefecti
651 1388 759 1426 nutu
789 1385 1001 1438 praetoria
1030 1384 1150 1425 rexit.

291 1443 373 1485 Sed
402 1443 537 1483 ment-i
568 1444 609 1482 et
639 1442 809 1496 linguae
841 1441 978 1495 gloria
1007 1440 1144 1482 maior
1172 1440 1295 1480 inest.

149 1509 213 1540 275
234 1500 316 1541 Hic
347 1499 509 1552 docuit,
543 1498 709 1552 qualem
739 1500 872 1551 ponat
900 1496 1099 1537 facundia
1128 1496 1278 1551 legem.

289 1555 349 1596 Vt
378 1556 517 1596 bonus
549 1569 639 1595 esse
670 1554 774 1594 velit
804 1553 1001 1607 quisque,
1033 1552 1212 1593 disertus
1243 1550 1337 1592 erit.

232 1611 416 1653 Roscida
444 1611 625 1665 puniceo
656 1610 811 1651 fulsere
848 1609 1092 1663 crepuscula
1122 1607 1257 1649 caelo:

287 1667 518 1709 Pandimus
550 1666 723 1720 obliquo
754 1666 885 1706 lintea
914 1665 1022 1705 flexa
1051 1665 1158 1713 sinu.

231 1724 453 1777 Paulisper
482 1723 583 1764 litus
613 1722 800 1776 fugimus
831 1721 1035 1761 Munione
1065 1719 1288 1760 vadosum:

148 1790 214 1821 280
292 1779 494 1833 Suspecto
525 1778 740 1832 trepidant
770 1777 877 1818 ostia
906 1791 1037 1830 parva
1066 1775 1167 1817 salo.

230 1835 334 1877 Inde
366 1835 662 1876 Graviscarum
691 1834 863 1888 fastigia
892 1847 986 1873 rara
1015 1832 1225 1885 videmus,

289 1891 401 1940 Quas
431 1891 586 1945 premit
616 1890 797 1930 aestivae
829 1903 951 1943 saepe
982 1888 1146 1942 paludis
1178 1887 1303 1928 odor:

234 1948 317 1990 Sed
345 1962 570 1988 nemorosa
600 1946 709 1987 viret
739 1946 878 1987 densis
910 1945 1065 1985 vicinia
1095 1944 1222 1997 lucis,

288 2004 504 2057 Pineaque
537 2002 733 2044 extremis
763 2002 940 2042 fluctuat
968 2002 1117 2041 umbra
1145 1999 1281 2040 fretis.

154 2070 219 2101 285
242 2060 465 2102 Cernimus
495 2060 690 2113 antiquas
720 2058 839 2099 nullo
870 2057 1041 2098 custode
1071 2056 1215 2097 ruinas

289 2116 346 2157 Et
377 2115 586 2156 desolatae
616 2115 785 2156 moenia
813 2113 938 2154 foeda
969 2112 1112 2154 Cosae.

232 2172 470 2213 Ridiculam
501 2170 629 2213 cladis
658 2170 790 2225 pudet
819 2170 930 2210 inter
960 2169 1067 2210 seria
1097 2181 1267 2210 causam

290 2227 512 2269 Promere:
545 2227 616 2268 sed
645 2227 777 2268 risum
808 2225 1070 2267 dissimulare
1100 2224 1231 2278 piget.
