1561 2511
570 58 711 93 LIBER
740 57 930 92 PRIMVS.
1346 54 1399 93 lo

111 173 300 213 Aversor
330 168 545 221 scopulos,
577 165 719 206 damni
750 167 1026 206 monumenta
1056 165 1254 206 recent-is:

170 226 364 268 Perditus
393 223 463 264 hic
492 223 589 263 vivo
620 222 769 262 funere
800 222 902 262 civis
933 223 1034 261 erat.

113 283 272 325 Noster
301 280 414 322 enim
443 293 580 332 nuper
609 278 775 319 iuvenis
805 277 1036 318 maioribus
1068 277 1239 330 amplis,

170 339 260 380 Nec
290 350 417 377 censu
448 335 626 375 interior
656 334 909 388 coniugiove
940 333 1101 386 minor,
1329 342 1396 372 520

112 395 323 448 Impulsus
352 391 494 444 furiis,
525 390 720 432 homines
751 393 969 443 terrasque
999 389 1189 442 reliquit,

167 451 225 491 Et
252 452 420 502 turpem
450 447 656 488 latebram
686 446 879 488 credulus
911 445 1007 486 exul
1037 445 1135 486 adit.

110 505 264 548 Infelix
293 507 416 558 putat
445 503 590 544 illuvie
622 502 819 544 caelestia
847 501 982 556 pasci,

168 561 304 615 Seque
334 559 489 614 premit
518 559 642 600 laesis
674 559 838 600 saevior
868 559 958 612 ipse
989 557 1091 598 deis.

109 617 231 671 Non,
263 631 368 671 rogo
378 650 388 669 7
421 616 603 657 deterior
634 615 791 657 Circeis
823 617 937 656 secta
965 614 1172 654 venenis?
1331 623 1397 654 525

166 673 285 714 Tunc
315 673 590 713 mutabantur
619 686 817 725 corpora,
854 685 968 711 nunc
999 670 1142 711 animi.

108 730 212 771 Inde
244 729 514 770 Triturritam
543 728 749 781 petimus:
781 727 840 768 sie
871 727 973 768 villa
1003 729 1197 779 vocatur,

168 785 282 834 Quae
313 786 396 826 late
428 784 612 838 expulsis
642 784 782 825 insula
811 797 946 837 paene
976 782 1110 823 fretis.

108 841 304 896 Namque
335 856 463 881 manu
494 840 650 881 iunctis
680 840 871 894 procedit
901 840 946 880 in
977 853 1162 892 aequora
1191 840 1322 893 saxis,

169 897 333 952 Quique
366 897 537 938 domum
567 897 728 950 posuit,
761 895 950 937 condidit
980 898 1078 935 ante
1109 895 1259 937 solum.
1327 905 1395 936 530

111 954 371 1009 Contiguum
402 953 545 1006 stupui
575 956 765 1006 portum,
798 967 924 1006 quem
943 952 1059 992 fama
1078 951 1324 1005 frequentat

194 1010 388 1051 Pisarum
419 1009 607 1063 emporio
640 1009 882 1062 divitiisque
913 1007 1053 1048 maris,

109 1066 219 1107 Mira
248 1066 330 1107 loci
360 1065 501 1106 facies.
560 1064 720 1120 Pelago
752 1065 976 1119 pulsantur
1006 1066 1152 1116 aperto

164 1123 298 1176 Inque
331 1135 476 1163 omnes
506 1123 658 1163 ventos
688 1121 814 1162 litora
843 1120 957 1161 nuda
987 1122 1157 1174 patent:

105 1177 208 1219 Non
238 1178 349 1218 ullus
379 1177 538 1232 tegitur
568 1192 643 1231 per
672 1177 845 1218 brachia
874 1179 968 1218 tuta
996 1190 1205 1230 recessus,
1329 1187 1393 1217 535

163 1235 335 1275 Aeolias
365 1234 501 1288 possit
531 1234 604 1287 qui
633 1234 859 1288 prohibere
890 1233 1046 1274 minas:

108 1289 190 1332 Sed
218 1304 393 1344 procera
424 1304 499 1331 suo
530 1291 792 1344 praetexitur
822 1291 918 1344 alga
947 1288 1183 1343 profundo,

164 1346 351 1388 Molliter
383 1346 565 1387 offensae
596 1361 684 1388 non
714 1347 909 1388 nocitura
939 1347 1039 1397 rati3

106 1402 162 1444 Et
194 1405 336 1444 tamen
367 1403 536 1443 insanas
568 1402 753 1444 cedendo
785 1403 1004 1457 interligat
1034 1401 1168 1442 undas
1178 1435 1188 1455 7

164 1458 253 1500 Nee
286 1459 387 1499 sinit
419 1473 468 1499 ex
499 1459 584 1500 alto
615 1459 775 1513 grande
806 1459 1006 1500 volumen
1037 1457 1118 1512 agi.
1328 1469 1395 1500 540

107 1515 317 1568 Tempora
346 1515 508 1569 navigii
538 1515 674 1556 clarus
704 1518 973 1570 reparaverat
1001 1514 1160 1555 Eurus:

164 1570 245 1612 Sed
275 1571 381 1611 mihi
411 1570 661 1612 Protadium
690 1572 825 1613 visere
857 1586 956 1612 cura
985 1571 1088 1624 fuit3

108 1626 241 1675 Quem
272 1628 345 1681 qui
375 1627 486 1668 forte
517 1628 620 1668 velit
651 1629 774 1669 certis
806 1642 1059 1683 cognoscere
1091 1626 1243 1680 signis,

161 1683 345 1725 Virtutis
375 1684 590 1737 specimen
621 1684 745 1725 corde
776 1684 916 1725 videre
946 1686 1086 1737 putet:

106 1739 196 1780 Nee
225 1740 361 1794 magis
392 1739 548 1781 efficiet
579 1740 759 1781 similem
789 1741 954 1794 pictura
985 1740 1144 1791 colore,
1327 1750 1392 1780 545

165 1794 300 1843 Quam
331 1810 436 1850 quae
469 1796 518 1837 de
548 1797 711 1837 meritis
742 1797 875 1838 mixta
904 1798 1041 1851 figura
1072 1795 1202 1836 venit.

106 1851 362 1905 Aspicienda
391 1853 539 1906 procul
571 1856 685 1894 certo
716 1853 941 1907 prudentia
971 1853 1112 1904 vultu,

162 1907 398 1962 Formaque
430 1909 616 1950 iustitiae
647 1909 913 1963 suspicienda
943 1909 1081 1950 micat.

106 1963 171 2005 Sit
200 1964 378 2005 fortasse
408 1965 571 2018 minus⁷
604 1966 638 2006 si
668 1966 812 2007 laudet
843 1965 983 2007 Gallia
1013 1966 1168 2006 civem:

162 2020 298 2061 Testis
329 2020 465 2062 Roma
495 2022 559 2062 sui
588 2022 794 2075 praesulis
827 2037 914 2063 esse
946 2024 1097 2076 potest.
1326 2032 1393 2062 550

106 2075 336 2118 Substituit
364 2077 514 2130 patriis
543 2078 773 2119 mediocres
804 2078 983 2120 Vmbria
1014 2078 1150 2119 sedes:

161 2132 310 2174 Virtus
340 2133 557 2174 fortunam
587 2134 690 2175 fecit
719 2138 941 2189 utramque
971 2149 1128 2188 parem.

101 2187 227 2230 Mens
257 2189 416 2230 invicta
446 2190 526 2230 viri
556 2205 633 2244 pro
664 2191 832 2246 magnis
863 2206 994 2245 parva
1023 2193 1187 2243 tuetur,

160 2245 244 2287 Pro
275 2247 416 2299 parvis
447 2246 589 2288 animo
620 2261 777 2302 magna
804 2247 922 2288 fuere
954 2262 1042 2290 suo.
