1561 2511
175 93 231 135 50
703 96 927 132 SERENVS.

177 205 243 245 27.
437 203 650 260 [iuverunt
680 208 841 260 segetes
871 219 1012 246 meum
1041 205 1244 262 laborem]

262 260 355 301 Ter.
377 260 488 302 2855
509 275 598 314 sqq.
629 260 701 301 sed
721 261 799 302 iste
820 275 964 302 versus
986 262 1320 318 (anacreontius)
1342 264 1455 317 quali

178 316 437 369 compositus
467 319 581 357 tome
612 317 667 357 sit
697 316 816 358 edam
848 318 1092 358 ‘iuverunt'
1126 333 1159 359 e.
1192 332 1225 359 c.

262 371 377 414 Haec
407 372 599 414 Petronii
637 373 748 413 inter
786 373 986 427 reliquias
1016 374 1216 415 rettulere
1245 375 1458 430 nonnulli,

177 429 332 470 rectius
363 427 521 469 Sereno
559 429 739 482 tribuas,
779 429 863 469 nisi
892 429 982 482 ipse
1011 429 1135 471 finxit
1164 430 1457 473 Terentianus.

178 485 244 525 528.
352 488 394 525 et
422 485 531 525 nihil
562 487 624 525 est
654 484 767 537 quod
797 498 933 525 amem
962 484 1172 526 Flaminia
1201 487 1353 528 minus.

263 540 434 581 Mallius
455 540 702 581 Theodorus
724 539 773 581 de
804 541 949 581 metris
978 554 1048 595 pg.
1070 541 1151 582 538
1174 541 1245 583 G.:
1276 546 1458 584 metrum

179 596 294 637 aliud
339 596 591 650 dactylicum
635 598 947 649 pentametrum
991 597 1143 650 recipit
1185 598 1311 651 pedes
1358 599 1458 640 hos:

179 652 392 706 dactylum
423 652 510 692 sive
540 651 766 705 spondium
795 652 889 693 loco
920 652 1056 705 primo
1089 656 1131 693 et
1159 655 1362 708 secundo,
1394 669 1459 695 ca-

179 709 367 749 talecton
397 707 443 748 in
472 707 624 761 medio,
656 708 753 748 inde
775 707 880 749 duos
901 708 1089 762 dactylos
1121 709 1210 750 sine
1241 711 1458 764 catalecto,

179 768 226 805 ut
265 767 327 805 est
362 763 467 804 illud
507 762 653 805 Sereni
693 778 727 805 e.
761 778 799 817 q.
831 779 862 805 s.
923 764 1158 805 ‘Flaminia
1194 765 1355 807 minus’
1395 766 1457 808 cd.

179 820 334 874 Paris,
374 820 728 860 efiammiamuni'
768 820 906 861 Guelf.
946 820 1200 862 Flaminiam
1244 821 1356 863 viam
1395 836 1459 863 re—

180 876 285 930 spici
315 879 438 929 putat
457 875 794 929 Wernsdorfius3
827 890 906 931 ego
927 876 1111 918 feminae
1132 877 1273 931 potius
1303 891 1460 919 nomen

181 946 270 973 esse
301 932 600 985 existimarim3
630 947 731 973 nam
750 932 951 986 pleraque
973 931 1120 974 Sereni
1150 933 1267 974 fuere
1289 934 1458 974 erotica.

179 988 245 1029 29.
299 987 391 1043 [tibi
422 988 610 1029 nascitur
643 1002 767 1029 omne
797 1003 938 1042 pecus,
968 989 1047 1030 tibi
1078 990 1227 1030 crescit
1255 988 1402 1044 herba]

265 1043 358 1085 Ter.
376 1059 442 1085 vv.
465 1044 572 1085 1913
590 1058 679 1098 sqq.
705 1044 804 1085 dum
826 1049 1008 1086 metrum
1031 1045 1319 1087 archebulium
1342 1059 1460 1086 enar-

179 1104 263 1141 rat:
295 1100 446 1141 eturba
466 1100 698 1142 terribilem
719 1101 906 1142 sonitum
937 1100 1051 1142 dedit
1081 1115 1175 1142 aere
1204 1105 1358 1143 curvo'
1391 1101 1462 1155 (ex

179 1156 309 1211 Verg.
341 1156 489 1210 VIIII,
519 1156 621 1211 503)
661 1160 913 1210 anapaestus
943 1157 1055 1198 inest
1084 1160 1254 1211 quater,
1285 1157 1461 1198 ultimus

180 1212 466 1254 antibacchos.
503 1213 684 1253 similem
715 1212 822 1254 dabo
854 1213 1120 1267 versiculum,
1142 1214 1277 1269 magis
1298 1216 1345 1254 ut
1365 1227 1461 1267 pro-

180 1270 303 1310 betur
333 1269 463 1309 etibi'
496 1283 530 1309 e.
564 1283 603 1322 q.
635 1283 688 1322 s.;
721 1268 773 1310 cf.
806 1272 847 1310 et
879 1269 998 1311 1918.
1054 1269 1250 1311 Eundem
1280 1269 1461 1310 versicu-

180 1325 270 1365 lum
301 1324 485 1366 afferunt
514 1324 675 1365 Marius
705 1324 953 1366 Victorinus
983 1339 1052 1380 pg.
1078 1326 1170 1379 183,
1200 1325 1342 1367 Diom.
1364 1325 1460 1378 498,

179 1381 338 1422 Atilius
376 1381 471 1422 313.
531 1380 719 1421 ‘Herba'
764 1381 892 1422 semel
929 1381 1177 1423 Victorinus
1214 1385 1256 1422 et
1300 1382 1359 1421 sic
1396 1381 1462 1421 bis

179 1436 321 1478 Diom.
354 1439 397 1477 et
426 1437 550 1490 Atil.3
583 1437 789 1478 ‘haedus’
821 1437 886 1478 bis
917 1437 1010 1479 Ter.
1043 1440 1085 1478 et
1114 1437 1226 1479 Vict.
1265 1437 1462 1479 Ceterum

180 1492 299 1534 Pana
342 1493 430 1534 sive
460 1492 607 1534 Palem
646 1493 805 1547 alloqui
843 1493 1097 1548 quicumque
1137 1493 1305 1547 scripsit-
1347 1493 1462 1533 hunc

179 1563 348 1590 versum
379 1552 444 1590 sat
473 1552 677 1603 apertum.

180 1605 247 1646 30.
339 1604 509 1660 [caduca
538 1605 657 1659 popli
689 1619 810 1647 coma
839 1606 989 1660 glauca
1019 1606 1103 1646 iam
1132 1619 1208 1659 per
1237 1603 1376 1659 agros]

264 1660 369 1702 Mar.
401 1661 513 1702 Vict.
544 1675 614 1716 pg.
645 1661 722 1703 81:
754 1661 1140 1715 hypercatalectum
1170 1674 1269 1701 vero
1301 1660 1460 1714 (trime-

180 1721 294 1758 trum
331 1717 578 1771 iambicum)
624 1731 719 1758 cum
768 1717 821 1758 ad
863 1718 1072 1772 integram
1117 1715 1462 1770 coniugationem

180 1788 266 1814 una
296 1773 482 1814 abundat
512 1773 685 1827 syllaba,
706 1777 755 1814 ut
784 1777 848 1815 est
876 1774 958 1814 hoc
987 1773 1225 1814 trimetrum
1256 1771 1462 1812 choriam-

179 1829 323 1870 bicum
362 1830 562 1870 ‘caduca'
602 1843 636 1870 e.
669 1844 708 1883 q.
745 1844 775 1870 s.
844 1829 961 1870 Idem
998 1842 1068 1884 pg.
1110 1829 1208 1870 164:
1254 1840 1463 1881 ponamus

182 1886 296 1926 enim
327 1886 507 1939 exempli
538 1899 663 1926 causa
684 1885 1015 1926 choriambicum
1044 1886 1282 1925 trimetrum
1311 1883 1463 1937 hyper·

181 1941 451 1994 catalectum,
488 1955 576 1982 non
613 1955 663 1982 ex
701 1941 802 1982 solis
831 1941 1086 1982 choriambis
1117 1940 1189 1981 sed
1217 1939 1462 1990 admixtum,

181 2001 230 2038 ut
260 1998 314 2038 sit
343 1998 480 2051 prima
510 1997 715 2051 quaedam
745 1997 989 2052 coniugatio
1021 1997 1250 2049 diiambus,
1281 1993 1464 2036 secunda

182 2053 473 2107 choriambus,
504 2053 630 2094 tertia
660 2053 868 2095 diiambus
899 2057 941 2094 et
970 2053 1151 2107 syllaba,
1189 2051 1358 2106 quando
1389 2050 1463 2104 hy-

181 2109 509 2163 percatalectum
558 2112 621 2150 est
666 2113 714 2151 ut
757 2113 820 2151 est
866 2109 1067 2151 ‘caduca’
1106 2123 1140 2150 e.
1173 2123 1212 2163 q.
1244 2122 1276 2149 S.
1345 2106 1464 2165 Idem

181 2179 326 2206 versus
355 2179 425 2220 pg.
462 2165 539 2207 165
568 2166 632 2206 bis
662 2166 840 2207 recurrit
869 2166 1022 2207 leniter
1050 2166 1296 2206 inmutatus,
1357 2162 1463 2203 Scri-

181 2221 248 2275 psi
286 2221 335 2262 de
375 2221 617 2263 coniectura
654 2222 834 2276 ‘popli',
870 2222 913 2263 id
958 2221 1071 2276 quod
1115 2221 1276 2275 optimo
1313 2218 1463 2260 confir-

181 2280 322 2319 matur
350 2277 459 2319 libro
491 2278 535 2318 in
574 2292 657 2332 quo
697 2282 760 2320 est
794 2293 864 2334 pg.
897 2280 948 2320 81
983 2277 1219 2332 ‘poplicum
1251 2275 1462 2331 aglauca'.
