1561 2511
611 73 886 103 PRAEFATIO.
1320 74 1385 103 VH

108 177 298 219 indicant
346 190 393 218 ac
436 189 568 230 paene
614 174 828 228 clamant).
904 173 1005 213 Mox
1054 173 1189 213 eidem
1238 177 1387 227 poetae

111 233 423 275 Wernsdorfius
462 230 574 272 haud
614 229 894 285 spernendam
933 231 975 270 et
1005 229 1184 270 similem
1215 230 1387 283 reliquis

110 291 261 345 quibus
290 289 513 343 plerosque
544 290 690 341 poetas
721 286 876 327 latinos
906 288 1153 339 prosecutus
1185 288 1249 326 est
1278 286 1388 327 curis

110 346 283 388 navavit
312 359 483 399 operam
516 343 576 399 [T.
601 343 640 384 V
662 342 743 397 p.I
772 357 807 384 a.
834 341 970 397 1778].
1003 367 1056 371 —
1088 341 1284 383 Ceterum
1314 357 1390 396 per

110 402 370 444 saeculorum
415 415 583 441 cursum
627 402 669 440 et
713 399 758 439 in
800 401 920 440 tanta
958 398 1241 440 subsidiorum
1279 399 1388 439 criti-

109 473 254 500 corum
274 457 480 498 tenuitate
512 456 667 497 sensim
697 457 913 509 evenerat,
945 457 993 495 ut
1022 458 1064 496 et
1093 458 1204 496 recte
1235 455 1390 496 tradita

108 515 242 555 multa
286 513 686 567 interpolationibus
725 514 1067 566 perverterentur
1105 514 1146 552 et
1183 526 1306 566 saepe
1345 512 1390 552 in

109 571 225 612 vitiis
245 570 444 611 tollendis
466 570 535 611 via
555 569 695 610 minus
726 583 773 609 ac
803 568 968 609 ratione
999 582 1125 622 quam
1155 583 1232 622 pro
1265 570 1390 622 captu

109 629 151 668 et
180 627 355 668 arbitrio
386 626 586 679 cuiusque
615 640 680 666 res
709 627 937 679 gereretur.
988 624 1100 665 Huic
1120 624 1389 666 incommodo

108 683 292 737 primum
314 683 481 724 obviam
512 682 562 723 iit
583 680 897 723 Wernsdorfius
921 681 1174 735 comparatis
1197 681 1390 722 editioni-

110 741 187 781 bus
215 739 533 792 vetustissimis,
572 741 614 779 et
649 738 806 779 maiore
835 752 931 778 cum
959 752 1059 778 cura
1088 737 1309 792 Zumptius
1339 737 1389 793 {a

112 795 248 852 1840]‚
271 796 343 850 qui
364 794 609 837 Sannazarii
630 794 881 848 exemplum,
911 794 961 834 de
983 808 1066 848 quo
1089 809 1216 848 supra
1236 808 1392 835 memo-

110 852 220 906 ravi,
251 852 297 893 in
325 852 584 893 bibliotheca
604 850 928 892 Vindobonensi
953 852 1149 904 prostans
1178 850 1283 891 illud
1309 851 1392 904 pri-

109 923 202 949 mus
219 908 423 962 adhibuit,
442 908 713 949 collationem
729 909 878 948 nactus
896 922 921 948 a
936 906 1204 948 Ferdinando
1217 906 1391 948 Wolfio.

110 965 226 1006 Idem
247 968 290 1006 et
309 964 576 1006 enarratione
597 963 911 1005 accuratissime
932 963 1045 1004 facta
1067 964 1173 1005 bene
1195 963 1244 1004 de
1265 966 1393 1017 poeta

111 1021 285 1062 meritus
316 1023 400 1074 est,
432 1021 550 1062 cuius
571 1020 702 1061 vitam
732 1020 892 1074 pariter
922 1022 964 1060 et
984 1019 1141 1074 scripta
1163 1019 1245 1061 iam
1268 1022 1394 1061 antea

112 1077 477 1118 observationibus
514 1092 550 1118 a.
586 1077 692 1118 1836
732 1076 854 1117 editis
892 1076 1190 1118 illustraverat.
1222 1102 1275 1105 ——
1312 1075 1393 1118 Sed

111 1134 224 1175 enim
253 1133 458 1174 hactenus
494 1133 546 1174 ab
584 1133 658 1174 illo
698 1132 919 1174 dissentire
957 1146 1106 1187 cogor,
1146 1133 1259 1186 quod
1298 1147 1392 1174 cuni

111 1192 200 1244 ipse
220 1192 340 1231 tanta
357 1204 452 1230 cum
468 1189 549 1230 fide
565 1189 860 1231 vetustissimis
881 1189 1087 1230 librorum
1109 1189 1197 1230 sive
1219 1190 1393 1243 scripto-

111 1261 204 1287 rum
226 1247 313 1288 sive
334 1246 635 1300 impressorum
654 1246 910 1288 testimoniis
931 1245 1181 1299 adhaeserit,
1200 1260 1324 1300 saepe
1339 1261 1393 1287 ne

111 1306 257 1357 aperta
277 1302 447 1357 quidem
467 1303 621 1344 menda
640 1303 789 1344 tollere
810 1305 858 1343 ut
879 1302 1124 1356 sustineret,
1155 1317 1234 1344 nos
1264 1302 1394 1344 haud-

112 1374 324 1413 quaquam
360 1359 534 1413 perinde
574 1359 766 1400 difficiles
805 1359 964 1400 fuimus
995 1358 1265 1400 admittendis
1297 1373 1394 1401 con-

111 1416 301 1469 iecturis,
339 1416 466 1456 etiam
502 1415 572 1456 hic
609 1418 657 1456 ut
692 1416 849 1470 ubique
886 1415 968 1456 rati
1005 1430 1093 1457 non
1132 1415 1273 1456 minus
1302 1415 1394 1456 falli

113 1472 186 1526 qui
222 1471 401 1512 nimium
441 1471 653 1513 codicibus
690 1472 927 1513 tribuerent
963 1486 1090 1526 quam
1127 1472 1200 1526 qui
1229 1487 1392 1526 parum.

198 1527 395 1569 Ceterum
433 1542 528 1569 cum
565 1528 745 1583 suspitio
777 1531 886 1570 esset
916 1531 1009 1570 orta
1039 1528 1266 1570 collatione
1297 1529 1394 1569 libri

113 1584 458 1626 Vindobonensis
486 1599 574 1626 non
603 1585 704 1626 satis
734 1587 928 1626 accurata
962 1599 1085 1626 usum
1122 1600 1210 1626 esse
1243 1584 1395 1639 Zump-

113 1641 239 1695 tium,
272 1640 321 1681 de
353 1655 402 1682 ea
431 1655 475 1682 re
506 1641 589 1682 adii
611 1641 882 1683 Theodorum
905 1641 1225 1695 Gomperzium,
1256 1642 1395 1683 virum

113 1697 452 1751 celeberrimum,
502 1698 575 1752 qui
621 1697 759 1739 denuo
804 1698 1074 1752 pervolutato
1120 1698 1263 1740 codice
1307 1713 1396 1740 non

113 1753 278 1808 lapsum
316 1768 404 1795 esse
442 1768 509 1795 me
550 1754 751 1808 opinione
791 1768 947 1809 magna
977 1769 1072 1796 cum
1103 1755 1302 1796 comitate
1333 1769 1395 1796 re—

115 1810 293 1864 scripsit.
342 1809 481 1851 Huius
502 1811 634 1865 igitur
654 1811 733 1851 viri
755 1811 836 1852 fide
858 1811 1073 1865 nituntur,
1106 1811 1228 1866 siqua
1257 1812 1396 1853 aliena

115 1881 139 1907 a
156 1865 342 1920 Zumptii
362 1867 617 1908 testimoniis
639 1882 689 1908 ex
710 1867 784 1909 illa
803 1867 1045 1909 notavimus
1066 1869 1324 1910 membrana.
1341 1894 1395 1899 —

113 1921 231 1963 Idem
262 1922 422 1965 addidit
451 1923 751 1979 dittographiis
782 1938 889 1978 quae
920 1924 966 1965 in
986 1925 1178 1980 margine
1199 1927 1395 1979 prostant

115 1978 304 2020 additum
333 1979 421 2020 fere
452 1994 539 2021 esse
567 1981 598 2033 f.
631 1980 676 2036 (i.
702 1995 735 2022 e.
755 1980 970 2036 fortasse),
1003 1981 1075 2023 sed
1105 1984 1153 2022 ut
1181 1982 1246 2023 bis
1276 1984 1393 2024 terve

116 2034 253 2076 deleta
282 2035 337 2076 sit
368 2035 470 2078 haec
498 2051 581 2078 vox
612 2037 781 2079 lineola.

197 2091 345 2146 Itaque
384 2092 468 2133 iam
506 2107 612 2147 quae
649 2094 737 2135 sive
775 2108 825 2136 ex
861 2094 1052 2148 priorum
1098 2095 1282 2136 inventis
1326 2095 1394 2136 ad-

116 2150 284 2202 sumpta
312 2148 398 2190 sive
427 2149 612 2203 primum
639 2153 797 2192 novata
825 2151 948 2192 nobis
977 2151 1141 2192 diversa
1168 2166 1193 2193 a
1212 2152 1395 2193 lectione

116 2203 301 2259 Zumptii
333 2206 648 2262 constituimus,
678 2207 749 2249 hic
776 2207 857 2249 loci
888 2208 965 2249 sub
987 2211 1261 2263 conspectum
1282 2208 1395 2250 dabi-

116 2275 221 2303 mus.
253 2287 306 2292 —-
344 2261 455 2304 Eum
492 2264 623 2306 secuti
662 2264 867 2306 editorem
903 2267 1007 2306 nota
1044 2264 1077 2307 O
1107 2265 1394 2320 significamus
