1561 2511
157 68 182 109 6
652 70 716 104 NA
722 69 928 104 MATIANI

159 187 222 218 175
244 178 397 220 Sedula
426 177 620 232 promisit
650 191 834 218 summos
865 177 1069 217 instantia
1098 176 1243 218 fasces.

300 233 344 276 Si
373 234 436 275 fas
468 236 531 274 est
559 233 721 275 meritis
750 233 897 286 fidere,
929 233 1075 274 consul
1108 233 1198 273 erit.

241 290 431 331 Invitum
459 289 592 330 tristis
622 289 793 330 tandem
823 303 1007 329 remeare
1038 289 1175 343 coegi:

300 345 486 400 Corpore
517 345 673 386 divisos
703 360 822 385 mens
851 348 994 385 tamen
1023 359 1108 385 una
1136 348 1264 385 tenet.

242 402 351 443 Tum
371 402 539 443 demum
566 401 618 442 ad
638 416 766 442 naves
788 401 976 455 gradior,
1008 415 1090 454 qua
1109 400 1251 441 fronte
1272 400 1437 441 bicorni

161 468 223 498 184)
299 458 508 499 Dividuus
538 457 701 498 Tiberis
732 457 967 498 dexteriora
998 458 1121 497 secat.

242 514 406 555 Laevus
436 514 658 554 inaccessis
688 513 841 553 fluvius
871 513 1030 554 vitatur
1059 512 1218 565 arenis,

298 569 490 624 Hospitis
519 571 689 610 Aeneae
719 569 857 623 gloria
886 569 976 609 sola
1004 570 1160 608 manet.

245 626 303 667 Et
332 626 417 666 iam
446 626 666 666 nocturnis
697 625 880 678 spatium
909 624 1125 665 laxaverat
1153 623 1269 664 horis

298 682 495 722 Phoebus
527 680 753 723 Chelarum
782 680 1004 734 pallidiore
1032 680 1145 734 polo.

160 747 221 778 185
246 738 503 779 Cunctamur
530 740 737 791 temptare
767 737 901 778 salum
930 739 1140 790 portuque
1170 735 1380 789 sedemus,

298 793 388 835 Nec
417 793 536 847 piget
567 793 772 847 oppositis
804 793 892 834 otia
921 793 1030 833 ferre
1061 791 1209 843 moris,

246 849 429 891 Occidua
459 849 590 890 infido
622 849 721 890 dum
752 849 886 890 saevit
915 849 1082 903 gurgite
1112 847 1244 900 Plias,

302 906 500 958 Dumque
530 906 754 959 procellosi
784 905 986 958 temporis
1017 905 1080 944 ira
1110 903 1229 944 calet.

246 961 499 1015 Respectare
529 962 647 1002 iuvat
676 961 859 1002 vicinam
889 960 1055 1014 saepius
1085 960 1251 1013 urbem,

161 1027 224 1058 190
299 1017 357 1059 Et
386 1020 552 1059 montes
582 1018 675 1058 visu
707 1017 925 1058 deficiente
956 1017 1095 1070 sequi3

249 1073 424 1129 Quaque
456 1074 580 1115 duces
613 1074 723 1115 oculi
757 1076 877 1128 grata
905 1073 1078 1127 regione
1108 1072 1326 1123 fruuntur,

298 1130 412 1171 Dum
443 1145 504 1184 se,
545 1129 657 1183 quod
687 1130 882 1183 cupiunt,
922 1142 1090 1170 cernere
1122 1141 1244 1181 posse
1274 1129 1439 1180 putant.

244 1186 334 1228 Nec
364 1187 481 1227 locus
511 1186 582 1226 ille
612 1186 718 1226 mihi
749 1186 1019 1240 cognoscitur
1048 1183 1185 1224 indice
1215 1182 1354 1236 fumo,

306 1242 388 1291 Qui
419 1242 611 1283 dominas
642 1256 757 1283 arces
789 1244 830 1282 et
860 1244 987 1295 caput
1017 1241 1130 1281 orbis
1160 1240 1308 1291 habet,

164 1308 226 1338 191>
250 1298 514 1352 Quamquam
535 1299 657 1353 signa
677 1298 781 1338 levis
803 1298 910 1338 fumi
931 1296 1198 1338 commendat
1215 1294 1440 1347 Homerus,

303 1354 471 1396 Dilecto
503 1355 699 1408 quotiens
731 1354 867 1408 surgit
896 1354 942 1394 in
971 1355 1084 1393 astra
1114 1352 1226 1393 solo:

249 1410 332 1452 Sed
361 1411 466 1452 caeli
494 1411 621 1465 plaga
651 1410 868 1451 candidior
896 1412 1139 1462 tractusque
1170 1420 1342 1448 serenus

308 1466 459 1522 Signat
489 1467 674 1520 septenis
705 1466 889 1507 culmina
919 1466 1031 1506 clara
1060 1465 1184 1518 iugis.

246 1523 340 1564 Illic
369 1523 564 1577 perpetui
595 1523 724 1576 soles,
757 1526 883 1576 atque
914 1522 1003 1575 ipse
1034 1520 1199 1561 videtur

166 1589 232 1619 200
311 1578 445 1628 Quem
476 1579 556 1619 sibi
587 1578 723 1619 Roma
751 1578 855 1619 facit
884 1578 1030 1632 purior
1060 1591 1150 1617 esse
1181 1575 1281 1615 dies.

247 1635 422 1689 Saepius
452 1635 658 1676 attonitae
688 1638 891 1676 resonant
921 1633 1188 1675 Circensibus
1219 1643 1360 1683 aures3

302 1691 485 1732 Nuntiat
515 1706 714 1732 accensus
745 1691 871 1744 plena
900 1690 1067 1730 theatra
1095 1689 1229 1728 favor.

247 1748 421 1789 Pulsato
452 1751 579 1788 notae
609 1747 845 1787 redduntur
874 1746 926 1786 ab
957 1745 1126 1786 aethere
1157 1757 1300 1794 voces,

304 1803 386 1844 Vel
417 1803 515 1857 quia
545 1804 819 1856 perveniunt,
851 1802 918 1844 vel
949 1801 1049 1855 quia
1084 1800 1210 1853 fingit
1239 1812 1368 1839 amor.

162 1869 226 1899 205
248 1860 481 1912 Expectata
510 1859 612 1900 fides
643 1859 784 1913 pelagi
813 1863 878 1899 ter
908 1858 1093 1911 quinque
1124 1855 1289 1907 diebus,

304 1916 417 1957 Dum
447 1915 597 1956 melior
626 1915 750 1955 lunae
782 1929 825 1955 se
856 1914 974 1954 daret
1004 1927 1105 1953 aura
1134 1925 1282 1952 novae.

248 1973 357 2012 Tum
387 1971 645 2012 discessurus
677 1971 827 2012 studiis
857 1970 1036 2023 urbique
1066 1968 1236 2009 remitto

305 2027 564 2081 Palladium,
596 2027 762 2082 generis
794 2040 994 2080 spemque
1026 2025 1235 2078 decusque
1264 2022 1360 2063 mei.

253 2084 477 2125 Facundus
507 2084 673 2124 iuvenis
706 2083 927 2124 Gallorum
956 2096 1091 2135 nuper
1121 2081 1173 2121 ab
1205 2079 1314 2120 arvis

164 2149 230 2179 210
308 2140 482 2193 Missus,
514 2139 697 2181 Romani
729 2139 886 2179 discere
916 2138 1009 2178 iura
1038 2137 1133 2178 fori.

250 2196 328 2237 Ille
359 2210 475 2236 meae
507 2210 648 2237 secum
678 2195 921 2236 dulcissima
950 2193 1120 2234 vincula
1150 2205 1293 2243 curae,

306 2252 439 2293 Filius
471 2252 641 2305 affectu,
673 2252 803 2306 stirpe
833 2251 1117 2304 propinquus,
1149 2248 1298 2289 habet:
