1561 2511
169 81 229 122 44
546 85 806 120 ANNIANVS.
848 85 1073 122 SERENVS.

173 191 276 246 quid
298 192 583 245 antiquissimi
604 195 754 247 poetae
774 192 920 234 Laevii
939 193 1288 249 Erotopaegnion
1318 195 1448 238 libros

170 247 351 299 loquar?
391 247 493 301 quid
530 248 747 303 Euenum,
785 263 911 303 quem
947 249 1180 291 Menander
1217 251 1449 304 sapientem

171 303 371 345 vocavit?
422 304 524 358 quid
571 305 711 358 ipsum
754 304 1067 346 Menandrum?
1116 306 1218 360 quid
1267 307 1448 349 comicos

172 359 349 401 omnes?
381 361 534 414 quibus
565 375 710 401 severa
738 361 826 401 vita
856 364 920 401 est
949 364 991 402 et
1019 361 1130 403 laeta
1159 362 1372 404 materia’.

418 529 476 576 V.
536 528 863 576 SEPTIMIVS
900 528 1197 578 SERENVS.

256 637 485 692 Septimius
516 638 698 680 Serenus
734 639 919 680 incertae
957 639 1134 694 originis
1177 640 1450 695 (quamquam

173 694 330 735 Afrum
361 694 491 735 fuisse
520 709 610 736 non
630 695 832 736 abhorret
860 710 884 736 a
912 695 1223 749 probabilitate,
1253 697 1361 738 nihil
1390 700 1450 739 ta-

172 764 270 792 men
300 754 348 792 ut
379 750 508 792 statui
537 752 673 804 possit
702 751 823 806 certi)
854 751 965 792 circa
993 766 1154 792 annum
1182 767 1222 792 u.
1254 767 1287 793 c.
1318 753 1450 794 mille-

173 806 325 847 simum
347 806 539 848 floruisse
563 810 626 848 est
650 806 964 848 existimandus.
1015 806 1057 848 Is
1084 806 1257 849 Sueium
1282 811 1324 849 et
1349 808 1450 850 Lae-

171 862 289 903 vium
326 865 368 903 et
405 863 601 916 aequales
638 863 764 903 huius
794 866 960 904 secutus
997 863 1122 916 plane
1152 866 1200 904 ut
1228 864 1452 906 Annianus

174 932 301 972 quem
331 921 374 960 et
402 918 541 972 ipsum
572 919 739 960 videtur
769 933 858 959 esse
889 919 1123 960 aemulatus
1154 920 1356 973 opuscula
1385 935 1451 961 ru-

171 974 278 1015 ralia
303 975 560 1028 composuit7
592 975 753 1016 incerto
781 975 1047 1016 voluminum
1074 990 1264 1017 numero.
1304 976 1341 1017 E
1364 977 1452 1030 qui-

171 1031 250 1071 bus
280 1031 511 1071 secundum
540 1034 748 1072 memorat
777 1031 1004 1072 scholiasta
1032 1031 1256 1072 Iuvenalis.
1302 1031 1451 1086 Neque

172 1089 382 1141 repugnat
411 1101 556 1127 versus
587 1087 657 1127 ille
688 1087 949 1128 Terentiam:

288 1141 517 1196 Septimius
547 1142 690 1184 docuit
720 1157 803 1197 quo
834 1143 943 1183 ruris
974 1144 1176 1197 opuscula
1204 1143 1327 1185 libro.

174 1198 346 1239 Etenim
395 1199 551 1239 librum
600 1213 723 1253 saepe
772 1213 849 1253 pro
898 1201 990 1240 toto
1041 1213 1166 1253 opere
1215 1200 1318 1254 poni
1360 1200 1453 1254 quis

174 1254 375 1309 ignorat?

256 1310 308 1352 In
345 1310 412 1351 his
451 1310 708 1352 carminibus
747 1309 976 1365 Septimius
1016 1311 1307 1353 bucolicorum
1336 1326 1453 1352 more

172 1367 282 1408 ruris
312 1381 441 1420 opera
460 1367 703 1421 pariterque
723 1381 789 1408 res
811 1367 1036 1408 amatorias
1066 1368 1351 1421 persequitur3
1374 1381 1452 1408 nec

174 1423 287 1463 enim
318 1423 453 1463 ullum
483 1426 547 1464 est
575 1422 882 1478 fragmentum,
914 1423 1027 1476 quod
1055 1437 1144 1464 non
1173 1423 1225 1464 ad
1255 1423 1364 1464 hanc
1392 1423 1452 1464 fa-

174 1479 243 1519 cili
275 1493 404 1532 opera
432 1478 581 1519 referri
611 1480 746 1533 possit
775 1479 1006 1520 materiam.

257 1534 339 1575 Hic
369 1537 432 1576 est
461 1538 605 1588 poeta,
646 1550 729 1589 quo
759 1535 902 1576 nullus
932 1549 954 1576 e
985 1534 1149 1576 Latinis
1180 1535 1364 1588 exceptis
1393 1537 1453 1576 ta-

173 1604 271 1631 men
309 1594 357 1631 ut
393 1590 561 1632 videtur
597 1591 754 1632 Laevio
793 1605 840 1632 ac
878 1591 1072 1633 Varrone
1119 1593 1161 1632 et
1198 1591 1452 1632 Terentiano

173 1646 296 1699 plura
324 1649 459 1687 metra
496 1647 700 1688 adhibuit.
759 1647 877 1688 Idem
907 1647 985 1688 etsi
1014 1661 1092 1688 nec
1121 1647 1210 1700 ipse
1240 1647 1333 1687 vitii
1365 1647 1453 1687 eius

172 1702 256 1743 fuit
276 1717 424 1756 expers
452 1703 565 1757 quod
585 1703 722 1757 poetis
743 1703 899 1745 saeculi
920 1718 955 1744 a.
978 1718 1018 1744 u.
1041 1717 1074 1743 c.
1098 1702 1247 1743 decimi
1269 1702 1451 1743 adfuisse

174 1773 301 1812 supra
344 1760 577 1800 memoravi
620 1763 763 1800 tamen
808 1759 968 1814 insigni
1023 1759 1191 1799 excellit
1233 1759 1451 1811 suavitate,

174 1828 432 1869 magnopere
470 1818 518 1856 ut
557 1815 612 1856 sit
641 1815 869 1856 dolendum
899 1815 988 1855 eius
1017 1814 1148 1855 libros
1178 1814 1451 1855 intercidisse.

172 1870 230 1911 Et
249 1870 420 1912 hercule
439 1885 529 1912 non
550 1871 702 1926 exigua
717 1871 861 1912 floruit
877 1870 989 1911 idem
1011 1870 1322 1912 existimatione
1343 1870 1454 1924 apud

173 1929 376 1980 posteros

177 1984 211 2023 1.
235 1997 270 2024 a.
505 1983 645 2037 inquit
674 1983 831 2024 amicus
862 1996 963 2038 ager
993 1982 1164 2024 domino

507 2039 565 2079 esi
595 2039 703 2080 bene
733 2039 792 2080 mi
822 2038 971 2092 facias7
1003 2039 1213 2080 memini'.

177 2151 212 2191 1.
233 2151 275 2192 b.
510 2151 639 2204 pinea
667 2150 840 2191 brachia
870 2164 964 2191 cum
994 2150 1228 2204 trepidant,

506 2206 631 2247 audio
663 2207 920 2248 canticulum
951 2206 1147 2260 Zephyri.

259 2262 539 2303 Terentianus
569 2263 642 2303 ubi
673 2262 722 2304 de
752 2265 997 2304 tetrametro
1030 2261 1235 2317 dactylico
1267 2261 1356 2317 agit
1384 2275 1451 2302 vv.
