1561 2511
162 63 245 93 VIII
664 62 936 92 PRAEFATIO.

161 163 345 205 codicem
366 163 760 217 Vindobonensem,
782 166 825 204 at
845 163 918 203 illa
939 177 1044 216 quae
1066 167 1128 204 est
1147 163 1183 204 Ε
1206 164 1431 206 editionem

161 219 395 261 Romanam
425 234 460 260 a.
496 219 623 272 1523,
655 233 761 273 quae
792 219 960 273 quidem
991 234 1039 260 ex
1070 219 1351 273 Bononiensi,
1382 221 1432 262 de

161 291 243 330 qua
273 290 399 329 supra
429 275 533 327 dixi,
565 278 627 316 est
657 289 863 329 expressa.

245 330 458 380 Quantum
488 332 539 372 ad
568 332 743 373 nomina
773 332 974 385 auctoris,
1011 332 1087 372 etsi
1118 346 1166 372 eo
1197 333 1338 386 potius
1369 346 1432 373 01·-

161 388 256 429 dine
279 387 512 442 antiquitus
533 387 728 428 feruntur
747 388 920 441 tradita,
948 389 996 428 ut
1016 388 1070 428 sit
1092 386 1291 429 ‘Rutilius
1312 387 1433 429 Clau-

160 444 252 485 dius
272 443 581 497 Namatianus’,
612 447 754 484 tamen
785 443 1064 485 accedendum
1093 444 1332 497 putavimus
1361 444 1432 497 eis,

161 501 232 554 qui
262 501 446 554 primum
476 514 570 541 eum
601 500 733 541 altero
765 500 903 541 locum
933 501 1170 554 permutare
1209 499 1432 553 iusserunt,

160 559 207 597 ut
237 555 436 598 Claudius
471 557 526 597 sit
556 556 842 610 praenominis
872 557 1005 596 instar
1035 555 1087 596 ad
1117 555 1434 610 significandam

159 613 445 665 nobilitatem,
478 613 585 653 sicut
613 612 746 652 Iulius
778 614 819 652 et
847 612 1026 652 maxime
1046 610 1229 652 Flavius.
1279 611 1321 652 N
1324 626 1434 652 ama-

160 669 299 709 tianus
330 668 482 709 dieitur
510 671 637 722 poeta
666 668 711 708 in
741 667 882 709 codice
903 667 1246 720 Vindobonensi,
1276 667 1433 709 Numa-

160 726 299 766 tianus
320 725 365 765 in
386 724 570 766 editione
588 724 871 777 Bononiens13
892 723 1071 765 videnda
1092 738 1197 777 quae
1215 723 1434 778 Zumptius

160 781 264 822 dixit
293 781 424 834 praef.
454 795 553 836 pgg.
585 780 684 834 XX,
716 780 830 822 XXI.

243 837 281 890 I,
313 838 337 877 3
369 841 514 889 quater
542 836 596 878 N.
626 836 848 890 Heinsius,
880 840 1082 890 quantmn
1111 851 1149 877 v.
1182 861 1235 865 —
1265 850 1350 878 77077
1379 839 1436 878 est

160 894 290 947 idem,
314 907 485 946 possmn
516 893 568 947 C,
594 906 755 946 possem
784 892 833 934 E.

243 949 297 990 ib.
321 949 346 990 9
370 950 548 991 (1011113311
577 953 614 991 et
642 950 800 991 tradita
830 950 957 1000 caelo,
990 950 1038 989 ut
1066 949 1177 1003 apud
1196 948 1434 1003 Vergilium

160 1005 208 1046 de
230 1007 375 1046 Aenea
405 1007 513 1047 disc
496 1007 628 1059 yem'te
648 1009 720 1047 et(
701 1006 887 1059 {lenitum
907 1006 999 1046 deos
1020 1008 1061 1046 et
1081 1004 1192 1059 apud
1211 1004 1434 1046 Manilium

160 1062 209 1103 de
239 1061 415 1103 Caesare
446 1062 513 1104 selle
543 1063 665 1103 etmm
697 1062 805 1103 caelo
832 1063 996 1115 yenitus
1025 1063 1212 1114 caeloque
1240 1064 1432 1114 offeceptus

243 1119 297 1159 ib.
334 1118 383 1159 18
414 1119 631 1159 coucilimn
662 1117 713 1171 C,
745 1118 995 1159 00777777177'77777
1023 1118 1127 1158 mire
1157 1117 1206 1158 E.

243 1175 297 1215 ib.
330 1174 384 1215 26
412 1174 534 1227 favor
564 1173 784 1228 Heinsius,
817 1174 932 1216 labor
962 1188 1000 1214 v,

244 1231 298 1271 ib.
330 1230 384 1271 29
413 1244 537 1272 saeva
568 1229 619 1284 C,
659 1231 781 1284 {onya
818 1229 929 1284 quod
969 1244 989 1270 e
1020 1245 1058 1271 v.
1090 1230 1142 1271 27
1181 1229 1350 1283 irrepsit
1384 1228 1433 1269 Ε.

244 1287 298 1328 ib.
329 1287 384 1328 35
415 1287 560 1329 lassati
591 1286 864 1339 Sebraderus,
898 1287 1051 1328 laxatis
1081 1301 1117 1327 V.

243 1344 297 1384 ib.
329 1343 384 1384 52
413 1356 568 1396 3031113·
599 1344 739 1396 hospes
770 1342 971 1396 Cuperus.

243 1400 298 1440 ib.
331 1399 381 1440 67
415 1403 600 1441 auctores
631 1399 682 1452 C,
716 1402 923 1441 auctorem
953 1413 990 1439 v,

244 1456 298 1496 ib.
329 1456 380 1497 81
406 1459 603 1509 perpetuo
624 1480 679 1485 ——
700 1459 808 1497 motu
833 1454 1127 1507 BaehrensiUS,
1142 1456 1358 1507 perpetuos
1381 1478 1435 1483 -—

160 1515 291 1553 motus
320 1527 380 1565 v.;
413 1513 555 1553 omnia
585 1512 869 1553 accusativum
900 1525 987 1552 esse
1019 1513 1204 1565 apparet.

244 1569 298 1609 ib.
331 1568 386 1609 84
415 1569 680 1610 condomuew
717 1568 766 1609 de
803 1567 975 1621 propria
1011 1567 1253 1608 coniectura
1290 1566 1433 1620 posui;

161 1627 203 1666 et
240 1624 384 1665 eadem
421 1625 530 1665 eirca
566 1625 646 1666 hoe
684 1628 849 1679 tempus
887 1638 988 1665 voce
1027 1638 1125 1664 usus
1159 1621 1434 1674 Prudentius3

160 1695 251 1723 cum
281 1682 470 1722 domuere
501 1696 537 1722 V.

243 1737 298 1778 ib.
332 1737 382 1778 91
415 1738 524 1790 quod
552 1750 701 1790 refflzas
730 1737 868 1777 minus
897 1739 955 1777 est
984 1749 1110 1788 quam
1136 1735 1244 1788 quod
1262 1747 1436 1788 reynare

160 1795 339 1835 11161Ηο113.
406 1793 518 1834 Illud
555 1795 663 1845 quod
700 1792 983 1834 accusativum
1030 1806 1117 1832 esse
1165 1791 1290 1844 seito,
1336 1804 1436 1831 nam

161 1850 282 1891 aliter
313 1849 462 1891 debilis
493 1852 535 1891 et
564 1849 739 1904 indigna
769 1848 929 1889 Rutilio
962 1848 1171 1889 sententia
1203 1847 1347 1888 oritur.

245 1907 300 1948 ib.
315 1906 395 1947 100
411 1906 549 1948 laudet
567 1919 713 1960 maigo
731 1904 1220 1958 eod.Vind.,lumpt1us
1239 1903 1433 1945 laudatv.

245 1963 300 2004 ib.
336 1962 416 2003 104
453 1963 612 2014 lotaque
649 1961 818 2015 scripsi,
859 1960 969 2001 idem
1007 1960 1157 2001 vitium
1194 1974 1239 1999 m
1277 1958 1434 1999 Tibulli

160 2018 264 2071 IIII,
296 2019 341 2071 6,
373 2019 418 2071 33
458 2022 639 2071 totaque,
678 2017 790 2072 quod
827 2031 848 2058 e
879 2031 916 2057 v.
952 2017 1029 2057 102
1059 2016 1142 2057 hue
1171 2015 1355 2068 illatum,
1395 2029 1433 2054 v.

163 2053 282 2116 Luci.
314 2052 366 2128 ἦ,
405 2051 487 2116 950
525 2075 683 2116 lubrica
722 2074 910 2127 proluvie
955 2074 1076 2126 Zama
1121 2073 1254 2114 lavere
1290 2070 1435 2112 umida

161 2145 279 2173 saoea.
340 2130 458 2172 Idem
488 2130 549 2184 Π,
580 2130 682 2184 376,
714 2130 748 2170 31
778 2129 879 2170 fides
909 2128 1073 2182 Nonio,
1111 2129 1244 2170 Moris
1272 2127 1436 2169 inemvz·

163 2188 346 2230 Iubulam
377 2188 478 2229 lavit
507 2213 560 2216 —
591 2200 744 2239 aequor
773 2187 989 2228 ha7677a777.

246 2244 300 2284 ib.
336 2244 414 2285 135
443 2244 660 2294 sexdecies,
691 2243 736 2283 in
766 2256 848 2296 mg.
881 2243 1050 2283 sedecees
1083 2241 1126 2282 C.
