1561 2511
188 31 242 73 26
569 33 861 71 HADRIANVS.
901 36 1095 73 FLORVS.

188 143 383 184 meliores
426 142 530 183 fecit
572 145 615 183 et
652 142 846 184 Graecos.
895 169 949 174 —-
998 143 1103 185 Post
1140 159 1178 186 v,
1215 145 1243 186 4
1286 146 1464 189 fortasse

188 198 393 253 quaedam
423 199 574 240 lacuna
603 199 765 240 hausta.

272 254 446 295 Praeter
466 254 569 295 haec
591 269 697 308 quae
727 258 839 296 recte
869 256 1110 297 tribuantur
1129 256 1347 299 Hadriano
1379 273 1465 300 car-

187 310 303 351 mina
323 310 476 351 Latina
504 325 593 351 non
624 313 780 352 extant.
820 311 932 352 Nam
951 312 1035 352 tale
1066 315 1139 354 ut
1165 313 1266 354 belli
1286 327 1464 356 sonuere

186 367 335 407 tubae’
368 369 411 407 et
438 366 614 420 paiodia
644 367 733 408 eius
765 367 920 420 Almo,
943 367 1103 422 Theon,
1125 368 1322 423 Thyrsis'
1354 368 1462 433 [210.

185 422 268 464 253
298 421 372 478 M]
413 437 508 463 cum
545 423 664 463 nulla
700 422 788 464 fele
827 424 1167 465 membranarum
1213 425 1464 467 auctoritate

185 477 327 519 addita
356 479 443 519 sint
461 478 678 520 Hadriano
711 479 828 534 (nam
857 478 1044 520 codicem
1071 480 1310 522 Parisinum
1341 481 1464 536 6630,

185 534 351 576 saeculo
390 535 427 575 si
468 534 530 575 dis
568 535 707 588 placet
748 534 853 575 XIII
889 535 1179 590 tribuendum,
1218 537 1263 578 in
1300 552 1384 592 quo
1423 541 1466 579 et

184 590 289 631 haec
325 593 521 644 poemata
559 550 601 632 ept
638 583 743 631 illud
783 589 1093 645 Borysthenes
1134 569 1320 634 A'lanus'
1364 593 1464 635 huic

186 646 396 700 adscripta
427 661 515 688 esse
544 649 724 693 testatur
754 647 972 702 catalogus
992 662 1081 689 non
1101 649 1265 725 moror)9
1292 649 1461 691 silentio

184 703 421 756 mittemus·
442 717 521 744 nec
542 703 682 744 minus
702 703 776 743 illa
798 702 991 744 ‘Mantua
1011 703 1063 744 da
1083 705 1282 758 veniam’,
1305 705 1461 746 Thrax

183 773 288 812 puei
318 735 543 800 adstiicto'
576 758 685 815 [554.
708 758 791 815 69],
824 774 844 800 0
867 759 1018 813 quibus
1048 760 1129 801 hoc
1157 775 1211 801 ne
1241 761 1463 815 antiquum

185 814 355 868 quidem
384 815 518 856 videri
549 816 755 856 assentior
785 814 1030 857 Schradero.
1076 815 1272 870 Denique
1302 820 1463 859 restant

184 871 481 924 inscriptiones
504 871 609 912 duae
641 871 735 912 ille
765 885 844 934 ego
866 871 1122 913 Pannoniis'
1156 875 1198 913 et
1219 872 1462 927 Borysthe-

182 941 258 968 nes
288 927 473 968 Alanus'
479 961 488 980 ,
532 942 710 981 quarum
748 929 867 982 origo
907 930 956 968 ut
991 928 1152 969 incerta
1190 929 1290 970 satis
1319 932 1463 970 tamen

184 986 377 1036 suspecta
416 986 458 1024 et
487 984 539 1024 ab
569 983 788 1025 Hadriano
818 984 965 1037 utique
1003 984 1152 1026 aliena.
1214 984 1316 1033 Quis
1348 985 1461 1026 enim

182 1039 351 1092 putabit
380 1039 597 1080 hominem
618 1040 896 1080 cultissimum
919 1039 1221 1082 Graeculorum
1251 1055 1366 1082 serae
1397 1055 1464 1082 ae-

182 1095 281 1136 tatis
319 1095 386 1136 vel
423 1095 650 1149 aliquando
688 1095 978 1137 Romanorum
1015 1111 1132 1138 more
1172 1096 1239 1152 [cf.
1272 1097 1309 1138 d.
1340 1112 1372 1138 r.
1403 1112 1458 1138 m.

182 1151 265 1192 355
326 1166 484 1192 nomen
529 1166 651 1192 suum
696 1152 979 1193 choriambica
1022 1168 1220 1194 mensura
1263 1153 1460 1194 extulisse

200 1206 254 1247 20
289 1240 299 1261 ,
338 1206 400 1263 3],
444 1211 518 1248 aut
558 1208 739 1249 nocendi
783 1209 959 1249 verbum
995 1209 1180 1250 iunxisse
1221 1209 1459 1250 accusativo

199 1263 295 1317 211,
319 1262 372 1319 Π,
404 1266 477 1304 aut
506 1278 651 1305 versus
666 1264 971 1318 Aristophanei
1000 1265 1246 1306 trochaeum
1275 1265 1461 1319 priorem

182 1319 362 1360 violasse
404 1320 590 1373 spondeo
631 1319 700 1376 [ib.
731 1319 772 1377 4]
806 1323 847 1361 et
876 1321 989 1361 illius
1019 1321 1177 1374 pariter
1206 1324 1332 1375 atque
1363 1335 1461 1362 ana-

182 1376 369 1416 creontei
399 1376 680 1417 alternantem
709 1377 859 1417 seriem
880 1377 1067 1418 confusis
1096 1377 1240 1418 metris
1270 1377 1460 1418 turbasse

182 1432 291 1472 sicut
329 1432 471 1473 evenit
508 1432 554 1473 in
584 1433 887 1487 epigrammate
919 1433 969 1474 de
1000 1432 1278 1487 Borysthene.
1339 1432 1461 1482 Quod

183 1487 379 1541 equidem
414 1491 519 1542 puto
558 1489 839 1542 compositum
877 1489 928 1530 ab
968 1503 1038 1542 eo,
1078 1490 1151 1543 qui
1181 1489 1382 1543 Mysiam,
1414 1489 1461 1530 in

182 1558 265 1597 qua
294 1544 558 1585 Hadrianum
589 1545 807 1586 venationi
837 1545 1060 1586 indulsisse
1090 1545 1221 1586 refert
1249 1545 1353 1599 Dio,
1385 1560 1459 1599 pu-

181 1602 291 1640 taret
319 1600 546 1654 Moesiam,
578 1615 673 1642 cum
702 1601 844 1655 potius
875 1602 930 1642 sit
959 1602 1086 1643 Asiae
1116 1602 1246 1657 regio.

449 1771 509 1818 Π.
570 1771 622 1818 Ρ.
659 1770 898 1817 ANNIVS
935 1770 1188 1819 FLORVS.

267 1879 479 1922 Dixerunt
509 1879 559 1921 de
580 1880 708 1922 Floro
738 1880 913 1921 Iahnius
944 1883 985 1921 et
1006 1880 1247 1935 Muellerus,
1280 1896 1460 1935 quorum

181 1936 349 1990 utrique
389 1935 559 1977 Ottonis
597 1940 661 1977 est
697 1951 974 1990 praenomen,
1012 1937 1083 1978 ille
1114 1938 1159 1978 in
1196 1938 1459 1991 praefatione

181 1992 389 2033 librorum
417 1992 611 2034 historici
632 1992 806 2047 Florip
779 2007 878 2048 pgg.
900 1992 1152 2034 XXXVIIII
1182 2008 1285 2047 sqq„
1316 1993 1385 2034 hic
1414 1994 1460 2034 in

182 2047 475 2090 dissertatione
507 2049 556 2089 de
578 2048 624 2090 P.
647 2049 790 2090 Annio
822 2049 949 2090 Floro
980 2052 1106 2103 poeta
1135 2064 1170 2090 a.
1196 2049 1303 2091 1855
1331 2049 1461 2090 Bero

182 2104 260 2144 lini
291 2104 403 2145 edita
431 2119 531 2160 pgg.
564 2105 589 2146 6
620 2119 708 2159 sqq.

265 2160 312 2201 P.
344 2161 512 2202 Annius
548 2160 699 2202 Florus
737 2162 854 2202 cuius
886 2162 1192 2203 dissertationis
1224 2176 1306 2216 qua
1336 2175 1461 2224 quae-

181 2215 289 2257 ritur
309 2216 525 2271 Vergilius
555 2220 698 2258 utrum
730 2218 966 2259 or-atmibus
997 2218 1133 2272 magis
1163 2232 1218 2258 an
1247 2218 1383 2271 poetis
1405 2217 1462 2258 sit
