<?xml version="1.0" encoding="UTF-8"?>
<!DOCTYPE html PUBLIC "-//W3C//DTD XHTML 1.0 Transitional//EN"
    "http://www.w3.org/TR/xhtml1/DTD/xhtml1-transitional.dtd">
<html xmlns="http://www.w3.org/1999/xhtml" xml:lang="en" lang="en">
 <head>
  <title>
</title>
<meta http-equiv="Content-Type" content="text/html;charset=utf-8" />
  <meta name='ocr-system' content='tesseract 3.04.00' />
  <meta name='ocr-capabilities' content='ocr_page ocr_carea ocr_par ocr_line ocrx_word'/>
</head>
<body>
  <div class='ocr_page' id='page_1' title='image "./dereditusuolibri00rutiuoft_0063.png"; bbox 0 0 1561 2511; ppageno 0'>
   <div class='ocr_carea' id='block_1_1' title="bbox 624 38 1377 79">
    <p class='ocr_par' dir='ltr' id='par_1_1' title="bbox 624 38 1377 79">
     <span class='ocr_line' id='line_1_1' title="bbox 624 38 1377 79; baseline 0.001 -1"><span class='ocrx_word' id='word_1_1' title='bbox 624 42 850 78; x_wconf 77' lang='lat' dir='ltr'>SERENVS.</span> <span class='ocrx_word' id='word_1_2' title='bbox 1323 38 1377 79; x_wconf 78' lang='grc'>47</span> 
     </span>
    </p>
   </div>
   <div class='ocr_carea' id='block_1_2' title="bbox 96 149 1382 669">
    <p class='ocr_par' dir='ltr' id='par_1_2' title="bbox 96 149 1382 601">
     <span class='ocr_line' id='line_1_2' title="bbox 97 149 1378 205; baseline -0.006 -7"><span class='ocrx_word' id='word_1_3' title='bbox 97 156 180 197; x_wconf 76' lang='lat' dir='ltr'>Sed</span> <span class='ocrx_word' id='word_1_4' title='bbox 218 155 331 197; x_wconf 83' lang='lat' dir='ltr'>enim</span> <span class='ocrx_word' id='word_1_5' title='bbox 371 153 485 194; x_wconf 87' lang='lat' dir='ltr'>haud</span> <span class='ocrx_word' id='word_1_6' title='bbox 523 151 861 205; x_wconf 71' lang='lat' dir='ltr'>improbabiliter</span> <span class='ocrx_word' id='word_1_7' title='bbox 898 149 1048 191; x_wconf 86' lang='lat' dir='ltr'>statuit</span> <span class='ocrx_word' id='word_1_8' title='bbox 1085 149 1378 203; x_wconf 86' lang='lat' dir='ltr'>Westphalius</span> 
     </span>
     <span class='ocr_line' id='line_1_3' title="bbox 96 205 1377 262; baseline -0.006 -9"><span class='ocrx_word' id='word_1_9' title='bbox 96 213 142 253; x_wconf 89' lang='lat' dir='ltr'>in</span> <span class='ocrx_word' id='word_1_10' title='bbox 172 212 292 253; x_wconf 88' lang='lat' dir='ltr'>libris</span> <span class='ocrx_word' id='word_1_11' title='bbox 323 210 372 251; x_wconf 86' lang='lat' dir='ltr'>de</span> <span class='ocrx_word' id='word_1_12' title='bbox 402 223 446 250; x_wconf 84' lang='lat' dir='ltr'>rc</span> <span class='ocrx_word' id='word_1_13' title='bbox 477 207 718 262; x_wconf 85' lang='lat' dir='ltr'>rhythmica</span> <span class='ocrx_word' id='word_1_14' title='bbox 745 207 1004 248; x_wconf 82' lang='lat' dir='ltr'>Graecorum</span> <span class='ocrx_word' id='word_1_15' title='bbox 1033 208 1063 246; x_wconf 86' lang='lat' dir='ltr'>t.</span> <span class='ocrx_word' id='word_1_16' title='bbox 1085 205 1129 246; x_wconf 92' lang='grc' dir='ltr'>Π</span> <span class='ocrx_word' id='word_1_17' title='bbox 1158 219 1228 260; x_wconf 83' lang='lat' dir='ltr'>pg.</span> <span class='ocrx_word' id='word_1_18' title='bbox 1251 206 1277 246; x_wconf 77' lang='lat'><em>2</em></span> <span class='ocrx_word' id='word_1_19' title='bbox 1307 220 1377 261; x_wconf 82' lang='lat' dir='ltr'>pg.</span> 
     </span>
     <span class='ocr_line' id='line_1_4' title="bbox 101 261 1380 319; baseline -0.005 -9"><span class='ocrx_word' id='word_1_20' title='bbox 101 269 182 310; x_wconf 74' lang='lat'>129</span> <span class='ocrx_word' id='word_1_21' title='bbox 221 267 335 308; x_wconf 86' lang='lat' dir='ltr'>hunc</span> <span class='ocrx_word' id='word_1_22' title='bbox 370 279 446 319; x_wconf 87' lang='lat' dir='ltr'>per</span> <span class='ocrx_word' id='word_1_23' title='bbox 485 278 670 305; x_wconf 89' lang='lat' dir='ltr'>errorem</span> <span class='ocrx_word' id='word_1_24' title='bbox 709 265 751 303; x_wconf 91' lang='lat' dir='ltr'>et</span> <span class='ocrx_word' id='word_1_25' title='bbox 781 262 1003 316; x_wconf 82' lang='lat' dir='ltr'>deceptum</span> <span class='ocrx_word' id='word_1_26' title='bbox 1031 261 1205 302; x_wconf 86' lang='lat' dir='ltr'>alterius</span> <span class='ocrx_word' id='word_1_27' title='bbox 1235 276 1380 303; x_wconf 87' lang='lat' dir='ltr'>versus</span> 
     </span>
     <span class='ocr_line' id='line_1_5' title="bbox 99 317 1379 379; baseline -0.007 -13"><span class='ocrx_word' id='word_1_28' title='bbox 99 325 172 379; x_wconf 83' lang='lat' dir='ltr'>qui</span> <span class='ocrx_word' id='word_1_29' title='bbox 202 322 316 365; x_wconf 84' lang='lat' dir='ltr'>haud</span> <span class='ocrx_word' id='word_1_30' title='bbox 345 321 469 361; x_wconf 90' lang='lat' dir='ltr'>dubie</span> <span class='ocrx_word' id='word_1_31' title='bbox 501 323 564 361; x_wconf 91' lang='lat' dir='ltr'>est</span> <span class='ocrx_word' id='word_1_32' title='bbox 585 319 732 361; x_wconf 80' lang='lat' dir='ltr'>Sereni</span> <span class='ocrx_word' id='word_1_33' title='bbox 763 317 1040 359; x_wconf 74' lang='lat' dir='ltr'>similitudine</span> <span class='ocrx_word' id='word_1_34' title='bbox 1062 320 1110 358; x_wconf 88' lang='lat' dir='ltr'>ut</span> <span class='ocrx_word' id='word_1_35' title='bbox 1129 320 1233 372; x_wconf 88' lang='lat' dir='ltr'>puta</span> <span class='ocrx_word' id='word_1_36' title='bbox 1252 317 1379 359; x_wconf 85' lang='lat' dir='ltr'>huius</span> 
     </span>
     <span class='ocr_line' id='line_1_6' title="bbox 97 372 1380 429; baseline -0.006 -7"><span class='ocrx_word' id='word_1_37' title='bbox 97 379 309 422; x_wconf 63' lang='lat' dir='ltr'>&lt;animula</span> <span class='ocrx_word' id='word_1_38' title='bbox 337 376 536 418; x_wconf 88' lang='lat' dir='ltr'>miserula</span> <span class='ocrx_word' id='word_1_39' title='bbox 565 375 802 429; x_wconf 74' lang='lat' dir='ltr'>properiter</span> <span class='ocrx_word' id='word_1_40' title='bbox 832 374 957 416; x_wconf 82' lang='lat' dir='ltr'>abiit&#39;</span> <span class='ocrx_word' id='word_1_41' title='bbox 990 372 1196 427; x_wconf 80' lang='lat' dir='ltr'>Septimio</span> <span class='ocrx_word' id='word_1_42' title='bbox 1228 373 1380 415; x_wconf 88' lang='lat' dir='ltr'>adscri-</span> 
     </span>
     <span class='ocr_line' id='line_1_7' title="bbox 100 430 1382 490; baseline -0.004 -13"><span class='ocrx_word' id='word_1_43' title='bbox 100 437 232 490; x_wconf 86' lang='lat' dir='ltr'>psisse</span> <span class='ocrx_word' id='word_1_44' title='bbox 263 436 445 475; x_wconf 87' lang='lat' dir='ltr'>metrum</span> <span class='ocrx_word' id='word_1_45' title='bbox 467 432 580 487; x_wconf 87' lang='lat' dir='ltr'>quod</span> <span class='ocrx_word' id='word_1_46' title='bbox 608 431 751 486; x_wconf 86' lang='lat' dir='ltr'>potius</span> <span class='ocrx_word' id='word_1_47' title='bbox 782 446 807 472; x_wconf 84' lang='lat' dir='ltr'>a</span> <span class='ocrx_word' id='word_1_48' title='bbox 836 430 1122 486; x_wconf 77' lang='lat' dir='ltr'>grammaticis</span> <span class='ocrx_word' id='word_1_49' title='bbox 1151 430 1295 471; x_wconf 86' lang='lat' dir='ltr'>latinis</span> <span class='ocrx_word' id='word_1_50' title='bbox 1326 431 1382 472; x_wconf 83' lang='lat' dir='ltr'>sit</span> 
     </span>
     <span class='ocr_line' id='line_1_8' title="bbox 98 486 1381 547; baseline -0.005 -14"><span class='ocrx_word' id='word_1_51' title='bbox 98 505 341 547; x_wconf 84' lang='lat' dir='ltr'>expressum</span> <span class='ocrx_word' id='word_1_52' title='bbox 379 489 431 530; x_wconf 87' lang='lat' dir='ltr'>ad</span> <span class='ocrx_word' id='word_1_53' title='bbox 478 488 718 542; x_wconf 82' lang='lat' dir='ltr'>exemplum</span> <span class='ocrx_word' id='word_1_54' title='bbox 764 487 915 528; x_wconf 81' lang='lat' dir='ltr'>Graeci</span> <span class='ocrx_word' id='word_1_55' title='bbox 959 486 1156 527; x_wconf 86' lang='lat' dir='ltr'>versiculi</span> <span class='ocrx_word' id='word_1_56' title='bbox 1200 486 1272 540; x_wconf 89' lang='lat' dir='ltr'>qui</span> <span class='ocrx_word' id='word_1_57' title='bbox 1317 490 1381 528; x_wconf 86' lang='lat' dir='ltr'>est</span> 
     </span>
     <span class='ocr_line' id='line_1_9' title="bbox 97 542 1120 601; baseline -0.007 -11"><span class='ocrx_word' id='word_1_58' title='bbox 97 552 188 590; x_wconf 47' lang='grc' dir='ltr'>Χ’ἴθι</span> <span class='ocrx_word' id='word_1_59' title='bbox 220 545 329 601; x_wconf 76' lang='grc' dir='ltr'><strong><em>μόλε</em></strong></span> <span class='ocrx_word' id='word_1_60' title='bbox 359 545 608 599; x_wconf 82' lang='grc' dir='ltr'><em>ταχύποδος</em></span> <span class='ocrx_word' id='word_1_61' title='bbox 640 544 713 586; x_wconf 83' lang='grc' dir='ltr'>ἐπὶ</span> <span class='ocrx_word' id='word_1_62' title='bbox 744 542 877 598; x_wconf 80' lang='grc' dir='ltr'><em>δέμας</em></span> <span class='ocrx_word' id='word_1_63' title='bbox 909 543 1120 596; x_wconf 73' lang='grc' dir='ltr'><strong><em>ἐλάφου’.</em></strong></span> 
     </span>
    </p>

    <p class='ocr_par' dir='ltr' id='par_1_3' title="bbox 101 609 1245 669">
     <span class='ocr_line' id='line_1_10' title="bbox 101 609 1245 669; baseline -0.004 -13"><span class='ocrx_word' id='word_1_64' title='bbox 101 616 166 657; x_wconf 81' lang='lat'>13.</span> <span class='ocrx_word' id='word_1_65' title='bbox 285 613 449 669; x_wconf 84' lang='lat' dir='ltr'>[nemus</span> <span class='ocrx_word' id='word_1_66' title='bbox 481 627 557 654; x_wconf 85' lang='lat' dir='ltr'>ave</span> <span class='ocrx_word' id='word_1_67' title='bbox 588 611 770 665; x_wconf 77' lang='lat' dir='ltr'>reticuit7</span> <span class='ocrx_word' id='word_1_68' title='bbox 800 623 901 665; x_wconf 82' lang='lat' dir='ltr'>ager</span> <span class='ocrx_word' id='word_1_69' title='bbox 929 610 1104 652; x_wconf 88' lang='lat' dir='ltr'>homine</span> <span class='ocrx_word' id='word_1_70' title='bbox 1135 609 1245 666; x_wconf 90' lang='lat' dir='ltr'>silet]</span> 
     </span>
    </p>
   </div>
   <div class='ocr_carea' id='block_1_3' title="bbox 96 676 1381 956">
    <p class='ocr_par' dir='ltr' id='par_1_4' title="bbox 96 676 1381 956">
     <span class='ocr_line' id='line_1_11' title="bbox 180 676 1381 732; baseline -0.003 -10"><span class='ocrx_word' id='word_1_71' title='bbox 180 682 320 722; x_wconf 85' lang='lat' dir='ltr'>Affert</span> <span class='ocrx_word' id='word_1_72' title='bbox 357 679 517 721; x_wconf 87' lang='lat' dir='ltr'>Marius</span> <span class='ocrx_word' id='word_1_73' title='bbox 547 679 796 720; x_wconf 76' lang='lat' dir='ltr'>Victorinus</span> <span class='ocrx_word' id='word_1_74' title='bbox 831 691 931 732; x_wconf 82' lang='lat' dir='ltr'>pgg.</span> <span class='ocrx_word' id='word_1_75' title='bbox 973 678 1037 718; x_wconf 81' lang='lat'>70.</span> <span class='ocrx_word' id='word_1_76' title='bbox 1082 676 1174 718; x_wconf 81' lang='lat'>104.</span> <span class='ocrx_word' id='word_1_77' title='bbox 1216 677 1296 719; x_wconf 82' lang='lat'>134</span> <span class='ocrx_word' id='word_1_78' title='bbox 1334 681 1381 718; x_wconf 89' lang='lat' dir='ltr'>ut</span> 
     </span>
     <span class='ocr_line' id='line_1_12' title="bbox 99 733 1379 800; baseline -0.004 -21"><span class='ocrx_word' id='word_1_79' title='bbox 99 738 338 792; x_wconf 84' lang='lat' dir='ltr'>exemplum</span> <span class='ocrx_word' id='word_1_80' title='bbox 367 735 603 800; x_wconf 76' lang='lat' dir='ltr'>tetrametri</span> <span class='ocrx_word' id='word_1_81' title='bbox 633 733 997 796; x_wconf 74' lang='lat' dir='ltr'>proceleusmatici</span> <span class='ocrx_word' id='word_1_82' title='bbox 1019 733 1264 797; x_wconf 72' lang='lat' dir='ltr'>catalectici.</span> <span class='ocrx_word' id='word_1_83' title='bbox 1310 733 1379 775; x_wconf 81' lang='lat' dir='ltr'>Se-</span> 
     </span>
     <span class='ocr_line' id='line_1_13' title="bbox 96 789 1381 901; baseline -0.004 -9"><span class='ocrx_word' id='word_1_84' title='bbox 96 809 201 892; x_wconf 50' lang='lat'>1233?</span> <span class='ocrx_word' id='word_1_85' title='bbox 220 808 329 891; x_wconf 57' lang='lat'>1333?</span> <span class='ocrx_word' id='word_1_86' title='bbox 346 790 837 901; x_wconf 44' lang='lat' dir='ltr'>aiss&#39;sssssst&#39;ffcffialssassssff</span> <span class='ocrx_word' id='word_1_87' title='bbox 850 789 1381 901; x_wconf 41' lang='grc' dir='ltr'>«ἵῇἷῖῗΙῗθᾷἳξῗᾎεοῖῗὲἶ</span> 
     </span>
     <span class='ocr_line' id='line_1_14' title="bbox 96 902 1380 956; baseline -0.003 -8"><span class='ocrx_word' id='word_1_88' title='bbox 96 907 321 948; x_wconf 82' lang='lat' dir='ltr'>Praeterea</span> <span class='ocrx_word' id='word_1_89' title='bbox 358 905 403 946; x_wconf 90' lang='lat' dir='ltr'>in</span> <span class='ocrx_word' id='word_1_90' title='bbox 439 904 634 945; x_wconf 83' lang='lat' dir='ltr'>Parisino</span> <span class='ocrx_word' id='word_1_91' title='bbox 673 903 782 944; x_wconf 90' lang='lat' dir='ltr'>libro</span> <span class='ocrx_word' id='word_1_92' title='bbox 828 905 892 944; x_wconf 87' lang='lat' dir='ltr'>est</span> <span class='ocrx_word' id='word_1_93' title='bbox 934 902 1091 956; x_wconf 87' lang='lat' dir='ltr'>ubique</span> <span class='ocrx_word' id='word_1_94' title='bbox 1137 902 1243 943; x_wconf 89' lang='lat' dir='ltr'>illud</span> <span class='ocrx_word' id='word_1_95' title='bbox 1283 902 1380 944; x_wconf 64' lang='lat' dir='ltr'>‘ho-</span> 
     </span>
    </p>
   </div>
   <div class='ocr_carea' id='block_1_4' title="bbox 96 963 1210 1060">
    <p class='ocr_par' dir='ltr' id='par_1_5' title="bbox 96 963 1210 1060">
     <span class='ocr_line' id='line_1_15' title="bbox 96 963 292 1004; baseline -0.01 0"><span class='ocrx_word' id='word_1_96' title='bbox 96 963 254 1004; x_wconf 86' lang='lat' dir='ltr'>minem</span> <span class='ocrx_word' id='word_1_97' title='bbox 267 967 292 1002; x_wconf 80' lang='lat'>⁷.</span> 
     </span>
     <span class='ocr_line' id='line_1_16' title="bbox 102 1015 1210 1060; baseline -0.003 -1"><span class='ocrx_word' id='word_1_98' title='bbox 102 1019 164 1060; x_wconf 81' lang='lat'>14.</span> <span class='ocrx_word' id='word_1_99' title='bbox 380 1019 453 1058; x_wconf 81' lang='lat' dir='ltr'>aut</span> <span class='ocrx_word' id='word_1_100' title='bbox 482 1016 679 1057; x_wconf 86' lang='lat' dir='ltr'>zonulam</span> <span class='ocrx_word' id='word_1_101' title='bbox 710 1018 784 1056; x_wconf 83' lang='lat' dir='ltr'>aut</span> <span class='ocrx_word' id='word_1_102' title='bbox 812 1015 943 1055; x_wconf 85' lang='lat' dir='ltr'>ricam</span> <span class='ocrx_word' id='word_1_103' title='bbox 974 1017 1048 1055; x_wconf 85' lang='lat' dir='ltr'>aut</span> <span class='ocrx_word' id='word_1_104' title='bbox 1077 1028 1210 1056; x_wconf 88' lang='lat' dir='ltr'>acum.</span> 
     </span>
    </p>
   </div>
   <div class='ocr_carea' id='block_1_5' title="bbox 96 1080 1384 2105">
    <p class='ocr_par' dir='ltr' id='par_1_6' title="bbox 96 1080 1383 1295">
     <span class='ocr_line' id='line_1_17' title="bbox 182 1080 1380 1140; baseline -0.003 -14"><span class='ocrx_word' id='word_1_105' title='bbox 182 1085 350 1127; x_wconf 84' lang='lat' dir='ltr'>Nonius</span> <span class='ocrx_word' id='word_1_106' title='bbox 380 1099 451 1140; x_wconf 79' lang='lat' dir='ltr'>pg.</span> <span class='ocrx_word' id='word_1_107' title='bbox 473 1084 556 1125; x_wconf 75' lang='lat'>539</span> <span class='ocrx_word' id='word_1_108' title='bbox 587 1098 617 1124; x_wconf 86' lang='lat' dir='ltr'>s.</span> <span class='ocrx_word' id='word_1_109' title='bbox 650 1098 688 1124; x_wconf 83' lang='lat' dir='ltr'>v.</span> <span class='ocrx_word' id='word_1_110' title='bbox 721 1083 818 1123; x_wconf 82' lang='lat' dir='ltr'>rica.</span> <span class='ocrx_word' id='word_1_111' title='bbox 867 1080 1049 1122; x_wconf 79' lang='lat' dir='ltr'>Serenus</span> <span class='ocrx_word' id='word_1_112' title='bbox 1081 1082 1380 1136; x_wconf 80' lang='lat' dir='ltr'>opusculorum</span> 
     </span>
     <span class='ocr_line' id='line_1_18' title="bbox 98 1137 1379 1197; baseline -0.002 -15"><span class='ocrx_word' id='word_1_113' title='bbox 98 1142 245 1197; x_wconf 66' lang='lat' dir='ltr'>(vulgo</span> <span class='ocrx_word' id='word_1_114' title='bbox 276 1140 531 1195; x_wconf 75' lang='lat' dir='ltr'>‘opusculo&#39;)</span> <span class='ocrx_word' id='word_1_115' title='bbox 553 1139 624 1180; x_wconf 86' lang='lat' dir='ltr'>lib.</span> <span class='ocrx_word' id='word_1_116' title='bbox 646 1139 679 1180; x_wconf 85' lang='lat' dir='ltr'>I.</span> <span class='ocrx_word' id='word_1_117' title='bbox 709 1165 763 1168; x_wconf 89' lang='lat'><em>-</em></span> <span class='ocrx_word' id='word_1_118' title='bbox 794 1137 1035 1179; x_wconf 71' lang='lat' dir='ltr'>eZonulam⁷</span> <span class='ocrx_word' id='word_1_119' title='bbox 1067 1138 1172 1192; x_wconf 67' lang='lat' dir='ltr'>edd„</span> <span class='ocrx_word' id='word_1_120' title='bbox 1195 1139 1379 1180; x_wconf 77' lang='lat' dir='ltr'>‘zonula&#39;</span> 
     </span>
     <span class='ocr_line' id='line_1_19' title="bbox 97 1196 1383 1249; baseline -0.002 -11"><span class='ocrx_word' id='word_1_121' title='bbox 97 1198 188 1239; x_wconf 89' lang='lat' dir='ltr'>cdd.</span> <span class='ocrx_word' id='word_1_122' title='bbox 228 1222 282 1227; x_wconf 75' lang='lat'>-</span> <span class='ocrx_word' id='word_1_123' title='bbox 321 1199 417 1238; x_wconf 72' lang='lat' dir='ltr'>eaut</span> <span class='ocrx_word' id='word_1_124' title='bbox 446 1197 576 1237; x_wconf 80' lang='lat' dir='ltr'>ricam</span> <span class='ocrx_word' id='word_1_125' title='bbox 607 1198 681 1236; x_wconf 81' lang='lat' dir='ltr'>aut</span> <span class='ocrx_word' id='word_1_126' title='bbox 710 1199 852 1236; x_wconf 85' lang='lat' dir='ltr'>acum&#39;</span> <span class='ocrx_word' id='word_1_127' title='bbox 887 1208 985 1249; x_wconf 68' lang='lat' dir='ltr'>ego,</span> <span class='ocrx_word' id='word_1_128' title='bbox 1024 1196 1121 1235; x_wconf 67' lang='lat' dir='ltr'>eaut</span> <span class='ocrx_word' id='word_1_129' title='bbox 1157 1209 1280 1236; x_wconf 83' lang='lat' dir='ltr'>acum</span> <span class='ocrx_word' id='word_1_130' title='bbox 1310 1199 1383 1236; x_wconf 84' lang='lat' dir='ltr'>aut</span> 
     </span>
     <span class='ocr_line' id='line_1_20' title="bbox 96 1253 390 1295; baseline 0 -1"><span class='ocrx_word' id='word_1_131' title='bbox 96 1255 246 1295; x_wconf 88' lang='lat' dir='ltr'>ricam’</span> <span class='ocrx_word' id='word_1_132' title='bbox 280 1253 390 1294; x_wconf 81' lang='lat' dir='ltr'>libri.</span> 
     </span>
    </p>

    <p class='ocr_par' dir='ltr' id='par_1_7' title="bbox 101 1307 1024 1351">
     <span class='ocr_line' id='line_1_21' title="bbox 101 1307 1024 1351; baseline -0.004 0"><span class='ocrx_word' id='word_1_133' title='bbox 101 1311 162 1351; x_wconf 77' lang='lat'>15.</span> <span class='ocrx_word' id='word_1_134' title='bbox 540 1308 702 1349; x_wconf 86' lang='lat' dir='ltr'>occatio</span> <span class='ocrx_word' id='word_1_135' title='bbox 734 1307 1024 1348; x_wconf 83' lang='lat' dir='ltr'>occaecatiost.</span> 
     </span>
    </p>

    <p class='ocr_par' dir='ltr' id='par_1_8' title="bbox 99 1362 1381 1588">
     <span class='ocr_line' id='line_1_22' title="bbox 187 1362 1379 1420; baseline -0.002 -13"><span class='ocrx_word' id='word_1_136' title='bbox 187 1365 355 1407; x_wconf 87' lang='lat' dir='ltr'>Nonius</span> <span class='ocrx_word' id='word_1_137' title='bbox 386 1379 455 1420; x_wconf 78' lang='lat' dir='ltr'>pg.</span> <span class='ocrx_word' id='word_1_138' title='bbox 488 1366 538 1406; x_wconf 75' lang='lat' dir='ltr'>(J&#39;l</span> <span class='ocrx_word' id='word_1_139' title='bbox 573 1380 603 1405; x_wconf 91' lang='lat' dir='ltr'>s.</span> <span class='ocrx_word' id='word_1_140' title='bbox 636 1379 674 1405; x_wconf 82' lang='lat' dir='ltr'>V.</span> <span class='ocrx_word' id='word_1_141' title='bbox 708 1363 958 1406; x_wconf 89' lang='lat' dir='ltr'>occationis:</span> <span class='ocrx_word' id='word_1_142' title='bbox 991 1362 1184 1405; x_wconf 77' lang='lat' dir='ltr'>Serenus.</span> <span class='ocrx_word' id='word_1_143' title='bbox 1218 1390 1272 1393; x_wconf 93' lang='lat'>—</span> <span class='ocrx_word' id='word_1_144' title='bbox 1304 1363 1379 1405; x_wconf 86' lang='lat' dir='ltr'>Oc-</span> 
     </span>
     <span class='ocr_line' id='line_1_23' title="bbox 99 1420 1381 1463; baseline 0 -2"><span class='ocrx_word' id='word_1_145' title='bbox 99 1422 310 1463; x_wconf 79' lang='lat' dir='ltr'>cationem</span> <span class='ocrx_word' id='word_1_146' title='bbox 349 1421 400 1462; x_wconf 88' lang='lat' dir='ltr'>ab</span> <span class='ocrx_word' id='word_1_147' title='bbox 441 1420 701 1462; x_wconf 85' lang='lat' dir='ltr'>occaecando</span> <span class='ocrx_word' id='word_1_148' title='bbox 741 1420 896 1461; x_wconf 83' lang='lat' dir='ltr'>dictam</span> <span class='ocrx_word' id='word_1_149' title='bbox 934 1434 1022 1461; x_wconf 89' lang='lat' dir='ltr'>esse</span> <span class='ocrx_word' id='word_1_150' title='bbox 1053 1423 1201 1461; x_wconf 85' lang='lat' dir='ltr'>auctor</span> <span class='ocrx_word' id='word_1_151' title='bbox 1232 1423 1295 1461; x_wconf 90' lang='lat' dir='ltr'>est</span> <span class='ocrx_word' id='word_1_152' title='bbox 1324 1420 1381 1461; x_wconf 88' lang='lat' dir='ltr'>M.</span> 
     </span>
     <span class='ocr_line' id='line_1_24' title="bbox 99 1475 1339 1530; baseline -0.001 -12"><span class='ocrx_word' id='word_1_153' title='bbox 99 1478 263 1518; x_wconf 83' lang='lat' dir='ltr'>Tullius</span> <span class='ocrx_word' id='word_1_154' title='bbox 295 1477 332 1518; x_wconf 88' lang='lat' dir='ltr'>d.</span> <span class='ocrx_word' id='word_1_155' title='bbox 365 1492 451 1519; x_wconf 87' lang='lat' dir='ltr'>sen.</span> <span class='ocrx_word' id='word_1_156' title='bbox 483 1477 577 1530; x_wconf 80' lang='lat' dir='ltr'>XV,</span> <span class='ocrx_word' id='word_1_157' title='bbox 608 1477 677 1518; x_wconf 78' lang='lat'>51.</span> <span class='ocrx_word' id='word_1_158' title='bbox 739 1476 805 1518; x_wconf 78' lang='lat' dir='ltr'>Cf.</span> <span class='ocrx_word' id='word_1_159' title='bbox 838 1479 880 1517; x_wconf 92' lang='lat' dir='ltr'>et</span> <span class='ocrx_word' id='word_1_160' title='bbox 914 1475 1102 1517; x_wconf 84' lang='lat' dir='ltr'>Isidorus</span> <span class='ocrx_word' id='word_1_161' title='bbox 1131 1476 1270 1530; x_wconf 80' lang='lat' dir='ltr'>XVII,</span> <span class='ocrx_word' id='word_1_162' title='bbox 1300 1477 1339 1517; x_wconf 69' lang='lat'>52.</span> 
     </span>
     <span class='ocr_line' id='line_1_25' title="bbox 103 1532 1129 1588; baseline -0.002 -13"><span class='ocrx_word' id='word_1_163' title='bbox 103 1535 165 1575; x_wconf 78' lang='lat'>16.</span> <span class='ocrx_word' id='word_1_164' title='bbox 418 1548 508 1574; x_wconf 86' lang='lat' dir='ltr'>non</span> <span class='ocrx_word' id='word_1_165' title='bbox 538 1533 691 1588; x_wconf 81' lang='lat' dir='ltr'>dignus</span> <span class='ocrx_word' id='word_1_166' title='bbox 722 1533 767 1573; x_wconf 91' lang='lat' dir='ltr'>in</span> <span class='ocrx_word' id='word_1_167' title='bbox 798 1547 923 1587; x_wconf 88' lang='lat' dir='ltr'>quem</span> <span class='ocrx_word' id='word_1_168' title='bbox 955 1532 1129 1574; x_wconf 84' lang='lat' dir='ltr'>debeam</span> 
     </span>
    </p>

    <p class='ocr_par' dir='ltr' id='par_1_9' title="bbox 415 1589 1100 1644">
     <span class='ocr_line' id='line_1_26' title="bbox 415 1589 1100 1644; baseline -0.003 -13"><span class='ocrx_word' id='word_1_169' title='bbox 415 1592 602 1631; x_wconf 86' lang='lat' dir='ltr'>saturam</span> <span class='ocrx_word' id='word_1_170' title='bbox 632 1590 841 1630; x_wconf 87' lang='lat' dir='ltr'>calentem</span> <span class='ocrx_word' id='word_1_171' title='bbox 871 1589 1100 1644; x_wconf 79' lang='lat' dir='ltr'>adcingier.</span> 
     </span>
    </p>

    <p class='ocr_par' dir='ltr' id='par_1_10' title="bbox 100 1644 1384 1926">
     <span class='ocr_line' id='line_1_27' title="bbox 185 1644 1382 1701; baseline -0.002 -13"><span class='ocrx_word' id='word_1_172' title='bbox 185 1645 325 1688; x_wconf 79' lang='lat' dir='ltr'>Schol.</span> <span class='ocrx_word' id='word_1_173' title='bbox 358 1646 448 1687; x_wconf 84' lang='lat' dir='ltr'>Iuv.</span> <span class='ocrx_word' id='word_1_174' title='bbox 481 1646 533 1686; x_wconf 77' lang='lat' dir='ltr'>ad</span> <span class='ocrx_word' id='word_1_175' title='bbox 563 1645 667 1699; x_wconf 81' lang='lat' dir='ltr'>IIII,</span> <span class='ocrx_word' id='word_1_176' title='bbox 698 1646 725 1686; x_wconf 77' lang='lat'>2</span> <span class='ocrx_word' id='word_1_177' title='bbox 763 1645 816 1687; x_wconf 82' lang='lat' dir='ltr'>ad</span> <span class='ocrx_word' id='word_1_178' title='bbox 856 1648 1017 1701; x_wconf 85' lang='lat' dir='ltr'>partes:</span> <span class='ocrx_word' id='word_1_179' title='bbox 1057 1647 1131 1686; x_wconf 86' lang='lat' dir='ltr'>aut</span> <span class='ocrx_word' id='word_1_180' title='bbox 1161 1644 1213 1685; x_wconf 83' lang='lat' dir='ltr'>ad</span> <span class='ocrx_word' id='word_1_181' title='bbox 1242 1647 1382 1699; x_wconf 78' lang='lat' dir='ltr'>partes</span> 
     </span>
     <span class='ocr_line' id='line_1_28' title="bbox 102 1701 1383 1756; baseline -0.002 -12"><span class='ocrx_word' id='word_1_182' title='bbox 102 1703 220 1756; x_wconf 83' lang='lat' dir='ltr'>quasi</span> <span class='ocrx_word' id='word_1_183' title='bbox 252 1702 514 1755; x_wconf 76' lang='lat' dir='ltr'>comoediae,</span> <span class='ocrx_word' id='word_1_184' title='bbox 546 1717 653 1756; x_wconf 84' lang='lat' dir='ltr'>quae</span> <span class='ocrx_word' id='word_1_185' title='bbox 683 1702 842 1743; x_wconf 89' lang='lat' dir='ltr'>multae</span> <span class='ocrx_word' id='word_1_186' title='bbox 875 1704 975 1743; x_wconf 86' lang='lat' dir='ltr'>sunt</span> <span class='ocrx_word' id='word_1_187' title='bbox 1003 1702 1049 1742; x_wconf 89' lang='lat' dir='ltr'>in</span> <span class='ocrx_word' id='word_1_188' title='bbox 1079 1715 1195 1755; x_wconf 83' lang='lat' dir='ltr'>eum,</span> <span class='ocrx_word' id='word_1_189' title='bbox 1227 1704 1301 1742; x_wconf 89' lang='lat' dir='ltr'>aut</span> <span class='ocrx_word' id='word_1_190' title='bbox 1331 1701 1383 1742; x_wconf 80' lang='lat' dir='ltr'>ad</span> 
     </span>
     <span class='ocr_line' id='line_1_29' title="bbox 100 1758 1384 1813; baseline -0.001 -14"><span class='ocrx_word' id='word_1_191' title='bbox 100 1761 239 1811; x_wconf 82' lang='lat' dir='ltr'>partes</span> <span class='ocrx_word' id='word_1_192' title='bbox 270 1759 390 1813; x_wconf 90' lang='lat' dir='ltr'>quasi</span> <span class='ocrx_word' id='word_1_193' title='bbox 420 1758 607 1800; x_wconf 77' lang='lat' dir='ltr'>convivii</span> <span class='ocrx_word' id='word_1_194' title='bbox 638 1761 680 1799; x_wconf 89' lang='lat' dir='ltr'>et</span> <span class='ocrx_word' id='word_1_195' title='bbox 710 1758 993 1812; x_wconf 82' lang='lat' dir='ltr'>copulationis</span> <span class='ocrx_word' id='word_1_196' title='bbox 1023 1771 1205 1799; x_wconf 81' lang='lat' dir='ltr'>mensae.</span> <span class='ocrx_word' id='word_1_197' title='bbox 1252 1758 1312 1798; x_wconf 90' lang='lat' dir='ltr'>ita</span> <span class='ocrx_word' id='word_1_198' title='bbox 1342 1760 1384 1798; x_wconf 87' lang='lat' dir='ltr'>et</span> 
     </span>
     <span class='ocr_line' id='line_1_30' title="bbox 102 1813 1383 1870; baseline -0.002 -14"><span class='ocrx_word' id='word_1_199' title='bbox 102 1814 530 1870; x_wconf 74' lang='lat' dir='ltr'>Scsenus(‘Se1·enus&#39;</span> <span class='ocrx_word' id='word_1_200' title='bbox 553 1814 684 1870; x_wconf 84' lang='lat' dir='ltr'>docti)</span> <span class='ocrx_word' id='word_1_201' title='bbox 708 1814 817 1856; x_wconf 89' lang='lat' dir='ltr'>libro</span> <span class='ocrx_word' id='word_1_202' title='bbox 838 1815 879 1856; x_wconf 90' lang='grc' dir='ltr'>Π</span> <span class='ocrx_word' id='word_1_203' title='bbox 901 1815 972 1856; x_wconf 87' lang='lat' dir='ltr'>ait.</span> <span class='ocrx_word' id='word_1_204' title='bbox 994 1839 1051 1844; x_wconf 92' lang='lat'>——</span> <span class='ocrx_word' id='word_1_205' title='bbox 1072 1814 1294 1855; x_wconf 76' lang='lat' dir='ltr'>‘calentem</span> <span class='ocrx_word' id='word_1_206' title='bbox 1315 1813 1383 1855; x_wconf 86' lang='lat' dir='ltr'>ad-</span> 
     </span>
     <span class='ocr_line' id='line_1_31' title="bbox 104 1870 1130 1926; baseline 0 -15"><span class='ocrx_word' id='word_1_207' title='bbox 104 1871 288 1926; x_wconf 71' lang='lat' dir='ltr'>cingier²</span> <span class='ocrx_word' id='word_1_208' title='bbox 320 1885 412 1926; x_wconf 73' lang='lat' dir='ltr'>ego,</span> <span class='ocrx_word' id='word_1_209' title='bbox 445 1870 634 1912; x_wconf 67' lang='lat' dir='ltr'>‘calente</span> <span class='ocrx_word' id='word_1_210' title='bbox 664 1871 706 1911; x_wconf 87' lang='lat' dir='ltr'>vi</span> <span class='ocrx_word' id='word_1_211' title='bbox 737 1870 1007 1926; x_wconf 79' lang='lat' dir='ltr'>adingerere&#39;</span> <span class='ocrx_word' id='word_1_212' title='bbox 1042 1870 1130 1911; x_wconf 88' lang='lat' dir='ltr'>cdd.</span> 
     </span>
    </p>

    <p class='ocr_par' dir='ltr' id='par_1_11' title="bbox 106 1938 1033 1979">
     <span class='ocr_line' id='line_1_32' title="bbox 106 1938 1033 1979; baseline 0 0"><span class='ocrx_word' id='word_1_213' title='bbox 106 1939 169 1979; x_wconf 84' lang='lat'>17.</span> <span class='ocrx_word' id='word_1_214' title='bbox 548 1962 571 1973; x_wconf 69' lang='grc' dir='ltr'><strong>υ</strong></span> <span class='ocrx_word' id='word_1_215' title='bbox 595 1969 621 1972; x_wconf 95' lang='grc'>-</span> <span class='ocrx_word' id='word_1_216' title='bbox 645 1961 668 1971; x_wconf 63' lang='grc' dir='ltr'><strong>υ</strong></span> <span class='ocrx_word' id='word_1_217' title='bbox 703 1953 830 1979; x_wconf 83' lang='lat' dir='ltr'>suave</span> <span class='ocrx_word' id='word_1_218' title='bbox 861 1938 1033 1979; x_wconf 89' lang='lat' dir='ltr'>sibilum</span> 
     </span>
    </p>

    <p class='ocr_par' dir='ltr' id='par_1_12' title="bbox 184 1993 1381 2049">
     <span class='ocr_line' id='line_1_33' title="bbox 184 1993 1381 2049; baseline 0 -15"><span class='ocrx_word' id='word_1_219' title='bbox 184 1993 285 2034; x_wconf 86' lang='lat' dir='ltr'>Non</span> <span class='ocrx_word' id='word_1_220' title='bbox 314 2007 384 2049; x_wconf 79' lang='lat' dir='ltr'>pg.</span> <span class='ocrx_word' id='word_1_221' title='bbox 416 1994 518 2035; x_wconf 78' lang='lat'><strong>223:</strong></span> <span class='ocrx_word' id='word_1_222' title='bbox 559 1995 732 2036; x_wconf 86' lang='lat' dir='ltr'>sibilum</span> <span class='ocrx_word' id='word_1_223' title='bbox 761 1998 913 2036; x_wconf 85' lang='lat' dir='ltr'>neutro</span> <span class='ocrx_word' id='word_1_224' title='bbox 945 1997 993 2035; x_wconf 89' lang='lat' dir='ltr'>ut</span> <span class='ocrx_word' id='word_1_225' title='bbox 1022 1993 1135 2048; x_wconf 85' lang='lat' dir='ltr'>apud</span> <span class='ocrx_word' id='word_1_226' title='bbox 1165 1993 1381 2035; x_wconf 77' lang='lat' dir='ltr'>Serenum.</span> 
     </span>
    </p>

    <p class='ocr_par' dir='ltr' id='par_1_13' title="bbox 103 2050 653 2105">
     <span class='ocr_line' id='line_1_34' title="bbox 103 2050 653 2105; baseline 0.004 -14"><span class='ocrx_word' id='word_1_227' title='bbox 103 2076 156 2080; x_wconf 85' lang='lat'>——</span> <span class='ocrx_word' id='word_1_228' title='bbox 187 2050 303 2092; x_wconf 85' lang='lat' dir='ltr'>Nota</span> <span class='ocrx_word' id='word_1_229' title='bbox 332 2051 653 2105; x_wconf 80' lang='lat' dir='ltr'>sigmatismum.</span> 
     </span>
    </p>
   </div>
   <div class='ocr_carea' id='block_1_6' title="bbox 104 2118 1080 2286">
    <p class='ocr_par' dir='ltr' id='par_1_14' title="bbox 104 2118 1080 2286">
     <span class='ocr_line' id='line_1_35' title="bbox 104 2118 1080 2173; baseline 0.001 -15"><span class='ocrx_word' id='word_1_230' title='bbox 104 2118 166 2159; x_wconf 62' lang='lat'>18.</span> <span class='ocrx_word' id='word_1_231' title='bbox 361 2154 365 2157; x_wconf 96' lang='lat'>.</span> <span class='ocrx_word' id='word_1_232' title='bbox 489 2118 627 2173; x_wconf 82' lang='lat' dir='ltr'>(laeva</span> <span class='ocrx_word' id='word_1_233' title='bbox 655 2133 805 2159; x_wconf 88' lang='lat' dir='ltr'>manus</span> <span class='ocrx_word' id='word_1_234' title='bbox 835 2118 1080 2163; x_wconf 76' lang='lat' dir='ltr'>infuderat).</span> 
     </span>
     <span class='ocr_line' id='line_1_36' title="bbox 484 2174 1015 2216; baseline 0.004 -2"><span class='ocrx_word' id='word_1_235' title='bbox 484 2179 494 2197; x_wconf 64' lang='lat'>⁸</span> <span class='ocrx_word' id='word_1_236' title='bbox 508 2174 655 2216; x_wconf 84' lang='lat' dir='ltr'>inferis</span> <span class='ocrx_word' id='word_1_237' title='bbox 685 2190 815 2216; x_wconf 81' lang='lat' dir='ltr'>manu</span> <span class='ocrx_word' id='word_1_238' title='bbox 845 2175 1015 2216; x_wconf 84' lang='lat' dir='ltr'>sinistra</span> 
     </span>
     <span class='ocr_line' id='line_1_37' title="bbox 483 2231 942 2286; baseline 0.002 -15"><span class='ocrx_word' id='word_1_239' title='bbox 483 2231 750 2272; x_wconf 87' lang='lat' dir='ltr'>immolamus</span> <span class='ocrx_word' id='word_1_240' title='bbox 779 2231 942 2286; x_wconf 81' lang='lat' dir='ltr'>pocula.</span> 
     </span>
    </p>
   </div>
  </div>
 </body>
</html>
