1561 2511
211 28 267 69 34
545 32 750 67 APVLEIV
757 32 793 69 S.
824 33 974 67 ANNIA
981 33 1086 69 NVS.

254 149 274 178 5
296 139 369 193 qui
398 139 542 193 pinnis
573 139 756 180 volitans
787 154 912 193 super
942 140 1113 181 aethela
1144 143 1294 182 cuncta
1322 142 1441 197 fatm
1443 143 1488 195 11

351 195 604 249 fiammaque
635 197 677 236 et
704 196 818 237 ferro
849 196 1018 251 singula
1048 196 1258 250 debilitat,

297 265 379 304 quo
401 251 545 292 tremit
571 251 661 304 ipse
679 251 813 305 Iovis,
846 266 929 306 quo
958 253 1136 293 numina
1164 229 1459 308 terrificantur,

352 307 534 348 fulmina
564 321 688 361 quem
724 307 974 349 horrescunt
1004 311 1046 349 et
1075 307 1246 363 Stygiae
1276 310 1486 351 tenebrae.

294 363 422 416 Apul.
460 362 631 404 Metam.
671 377 741 418 pg.
771 364 848 404 301
885 363 1012 404 Oud.:
1052 363 1123 405 sed
1160 364 1489 406 infortunatissi-

210 433 303 459 mae
342 419 454 459 filiae
493 419 752 459 miserrimus
791 422 912 473 pater
949 420 1197 472 suspectatis
1241 421 1489 462 caelestibus

213 474 320 515 odiis
351 477 394 515 et
423 475 509 515 irae
540 489 740 528 superum
776 477 967 516 metuens
1006 475 1073 515 (161
1109 474 1265 517 Milesii
1295 477 1489 518 vetustis-

214 530 367 571 simum
387 533 662 584 percontatur
682 531 897 571 oraculum
920 533 962 571 et
991 546 1015 571 a
1043 533 1163 572 tanto
1193 532 1367 573 numine
1397 547 1489 586 pre-

210 586 328 627 cibus
367 589 409 627 et
444 586 627 627 victimis
665 586 857 641 ingratae
895 586 1052 641 virgini
1093 587 1200 640 petit
1234 589 1405 642 nuptias
1447 591 1490 629 et

210 643 429 695 maritum,
468 642 540 683 sed
577 642 735 696 Apollo
775 657 1030 696 quamquam
1070 642 1252 684 Graecus
1297 647 1339 685 et
1375 644 1488 685 Ioni-

210 713 281 739 cus
319 701 494 752 propter
531 697 667 739 Mileti
704 698 969 740 'conditorem
1007 698 1066 739 sic
1095 698 1249 740 Latina
1285 702 1396 741 sorte
1427 715 1488 741 re-

209 754 392 807 spondit.

295 810 347 850 V.
373 811 395 850 1
427 811 497 850 ‘tu
528 810 652 850 siste’
683 809 870 863 Iahnius,
905 811 1031 851 ‘iste'
1064 825 1158 851 cum
1179 825 1258 851 ras.
1280 826 1333 851 111.
1358 812 1379 851 1
1413 811 1488 865 cd„

208 881 262 907 m.
295 866 320 906 2
353 866 594 906 ‘subsiste'.
628 891 679 896 —
709 866 765 907 ib.
799 867 821 907 7
856 870 984 920 ‘quo'
1018 867 1142 919 docti,
1176 866 1333 920 ‘quod'
1363 882 1402 907 v.
1434 892 1488 897 —

208 922 272 962 De
301 921 441 963 forma
471 921 630 962 ‘Iovis'
661 922 842 963 videnda
862 938 969 976 quae
991 922 1170 963 diximus
1201 923 1246 963 in
1276 923 1384 964 libro
1414 938 1488 963 110-

208 981 295 1018 stro
326 992 395 1032 pg.
421 978 515 1019 379.
556 1003 609 1007 -
640 978 696 1019 ib.
719 978 744 1019 8
776 978 979 1019 ‘fulmina
1018 983 1166 1032 quem’
1198 993 1276 1033 ego
1287 1012 1298 1032 ,
1331 978 1489 1019 ‘flumi-

208 1038 368 1088 naque'
401 1033 462 1074 cd.

594 1204 700 1251 IIII.
760 1204 1105 1252 ANNIANVS.

292 1313 356 1354 De
386 1313 587 1354 Anniano
627 1316 669 1354 et
706 1312 912 1367 Septimio
952 1316 1120 1367 praeter
1149 1314 1353 1367 plurimos
1384 1314 1489 1354 alios¹

210 1370 352 1411 dixere
383 1369 698 1411 WVernsdorfius
729 1370 775 1410 in
806 1371 1010 1423 epimetro
1041 1385 1080 1423 p.
1112 1369 1159 1410 L.
1190 1385 1244 1410 m.
1276 1385 1316 1423 p.
1347 1369 1390 1410 Π
1418 1385 1488 1423 pa-

207 1426 319 1480 ginis
349 1426 433 1467 282
463 1440 553 1480 sqq.
586 1428 628 1467 et
657 1425 883 1467 Santenius
923 1425 975 1467 ad
1005 1425 1250 1467 Terentiani
1280 1425 1419 1466 Mauri
1450 1441 1487 1466 v.

211 1483 329 1523 1816.
390 1481 569 1523 Meliora
598 1482 725 1536 longe
757 1482 873 1537 (nam
901 1482 947 1523 hi
978 1484 1025 1522 ut
1053 1496 1153 1523 vera
1181 1481 1338 1535 passim
1367 1481 1485 1522 falsis

209 1538 549 1579 contaminarent
580 1553 628 1579 ea
657 1553 701 1579 re
732 1531 831 1579 sunt
860 1538 1023 1579 inducti
1053 1538 1165 1592 quod
1187 1537 1487 1579 Terentianum

207 1596 414 1648 putarunt
444 1594 553 1635 circa
582 1595 711 1635 finem
741 1609 845 1635 saec.
874 1610 914 1648 p.
938 1593 1036 1636 Chr.
1058 1609 1099 1635 n.
1121 1594 1247 1647 primi
1277 1593 1486 1637 floruisse)

206 1650 386 1703 protulit
422 1650 721 1691 Lachmannus
758 1651 804 1691 in
840 1650 1103 1704 praefatione
1141 1649 1291 1690 Mauri.
1360 1649 1489 1690 Deni-

208 1721 289 1759 que
320 1706 370 1746 de
391 1708 572 1760 utroque
602 1709 729 1769 poeta
753 1706 934 1747 diximus
964 1706 1061 1747 libri
1090 1705 1227 1747 nostri
1255 1721 1311 1760 po
1308 1719 1355 1760 g.
1378 1705 1489 1746 96„-

210 1763 274 1803 08.
316 1762 381 1802 Ibi
404 1762 530 1803 etiam
552 1762 786 1803 canninum
808 1762 884 1804 Sei
886 1762 954 1803 eni
975 1762 1197 1824 potissima
1226 1761 1485 1816 collegimus.

290 1816 356 1859 De
377 1818 579 1859 Anniano
612 1821 757 1859 extant
775 1819 877 1859 Auli
907 1818 1046 1869 Gellii,
1079 1817 1197 1858 cuius
1226 1816 1310 1858 fuit
1339 1832 1488 1871 aequa-

206 1874 278 1927 lis,
309 1874 553 1915 testimonia
582 1874 608 1914 l.
641 1873 702 1915 VI
733 1888 765 1915 c.
799 1875 835 1928 7,
867 1874 993 1915 VIIII
1027 1851 1091 1927 10,
1121 1872 1202 1914 XX
1234 1873 1271 1914 S.
1324 1873 1486 1914 Eorum

207 1930 441 1971 adscribam
470 1930 605 1971 initia.

292 1986 518 2027 Annianus
547 1989 673 2040 poeta
702 1988 869 2040 praeter
898 1986 1060 2041 ingenii
1089 1985 1367 2026 amoenitates
1396 1984 1487 2025 lite-

207 2057 349 2083 rarum
369 2057 536 2096 quoque
560 2045 749 2083 veterum
779 2045 820 2083 et
849 2043 1063 2083 rationum
1093 2042 1138 2082 in
1167 2041 1300 2082 literis
1331 2040 1487 2094 oppido

208 2113 334 2151 quam
372 2099 531 2152 peritus
567 2098 651 2139 fuit
690 2101 732 2139 et
767 2098 1128 2139 sermocinabitui
1163 2097 1270 2141 mira¹
1308 2096 1486 2150 quadam

207 2157 249 2195 et
279 2155 383 2195 scita
412 2155 630 2196 suavitate.

290 2211 516 2251 Annianus
547 2214 673 2265 poeta
695 2213 737 2251 et
763 2211 952 2264 plerique
984 2225 1077 2252 cum
1109 2225 1157 2251 eo
1190 2209 1375 2251 eiusdem
1395 2207 1486 2248 Mu-
