1561 2511
188 69 242 110 36
692 70 953 106 ANNIANVS.

329 178 583 233 dactylicum
612 178 693 219 hoc
722 178 814 219 fieri
843 178 979 232 magis
1009 181 1141 231 amat3

329 235 397 276 vel
427 235 462 275 si
491 234 667 288 ponitur
696 249 805 275 unus
836 234 943 275 alius

328 305 423 346 pes,
454 289 580 331 modo
609 290 759 331 tertius
788 289 903 330 hunc
932 290 1123 331 retineat.

327 347 431 388 talia
461 346 584 387 docta
612 345 777 387 Falisca
805 345 997 400 legimus.

328 417 429 444 nam
458 402 537 444 tibi
566 402 710 443 notius
740 402 821 442 hoc
851 415 984 456 genus
1015 401 1114 455 erit,

330 459 515 500 carmine
546 457 686 511 siquid
715 457 767 498 ab
797 457 878 498 hoc
907 471 1102 511 posuero.

330 513 520 569 ‘quando
550 513 719 568 flagella
747 513 887 567 iugas,
919 513 979 554 ita
1007 513 1128 567 iuga,

333 571 432 612 vitis
462 572 505 611 et
533 569 673 610 ulmus
703 569 769 610 uti
800 569 925 610 simul
955 571 1065 610 eant.

330 642 431 668 nam
459 626 543 667 nisi
574 625 660 666 sint
688 625 863 679 paribus
893 624 1138 677 fruticibus,

330 683 482 723 umbra
510 684 635 722 necat
662 683 830 722 teneras
861 681 1065 722 Amineas
1079 683 1105 721 ⁹.

276 739 366 780 Iam
404 740 453 779 ut
490 736 720 779 concedam
759 751 810 778 ex
850 736 917 778 his
948 736 1087 778 verbis
1118 739 1278 777 certum
1306 751 1479 791 prorsus

194 796 243 837 de
276 797 448 836 auct-ore
480 794 730 834 ultimorum
751 808 950 834 versuum
971 792 1099 834 statui
1128 807 1217 833 non
1246 806 1388 846 posse,
1418 796 1479 834 ta-

192 866 291 892 men
321 850 571 904 simpliciter
601 849 848 890 iudicaturis
878 849 1002 890 facile
1027 847 1347 902 persuadebitur
1377 849 1479 903 ipsis

193 908 276 948 illis
307 906 479 961 probari
518 908 583 946 sat
621 908 735 946 certo
766 920 856 946 non
885 905 1016 945 fuisse
1047 903 1252 946 Serenum
1282 918 1378 945 eum
1408 905 1480 957 qui

194 963 317 1005 docta
347 963 422 1003 illa
442 961 620 1015 Falisca,
652 976 673 1001 0
702 961 855 1015 quibus
886 960 1091 1015 quaedam
1125 959 1387 1014 deprompsit
1405 960 1482 1001 Te-

192 1020 432 1071 rentianus,
484 1018 664 1071 scripsit.
724 1017 948 1058 Praeterea
996 1031 1091 1057 cum
1141 1018 1291 1057 notum
1335 1016 1481 1069 utique

193 1078 303 1117 esset
331 1074 481 1116 Mauro
503 1074 752 1114 Annianum
783 1077 825 1114 et
853 1072 1019 1114 Falisca
1048 1072 1266 1125 scripsisse
1297 1072 1481 1113 carmina

196 1135 238 1173 et
267 1132 313 1172 in
342 1131 410 1172 his
432 1130 558 1171 etiam
585 1144 708 1171 usum
729 1144 819 1170 esse
840 1132 975 1170 metro
999 1128 1207 1181 Calabrio‚
1239 1142 1329 1169 11011
1358 1127 1482 1169 facile

194 1187 378 1229 adducor
396 1189 444 1228 ut
467 1185 633 1228 credam
656 1185 778 1226 illum
802 1189 890 1226 tam
906 1185 1106 1240 ambiguo
1136 1199 1329 1225 sermone
1350 1183 1481 1225 fuisse

193 1258 381 1297 usurum,
413 1243 449 1283 si
470 1241 618 1284 Sereni
638 1256 783 1282 versus
814 1241 1091 1293 exhibuisset,
1123 1240 1371 1294 praesertim
1406 1240 1480 1281 ubi

194 1300 354 1341 mentio
393 1299 482 1339 eius
519 1298 719 1339 facillime
756 1297 897 1351 potuit
927 1297 1093 1338 adnecti
1123 1295 1176 1337 ad
1205 1296 1398 1350 exempla
1431 1310 1481 1336 ex

195 1356 381 1397 eiusdem
410 1354 665 1396 nominatim
695 1354 937 1407 compellati
965 1352 1220 1394 carminibus
1252 1351 1476 1405 opusculo-

195 1427 288 1453 rum
318 1411 523 1452 ruralium
552 1410 718 1464 prolata
748 1425 814 1451 vv.
850 1409 1138 1451 1973—1991.

277 1468 370 1509 Iam
407 1481 458 1508 ex
487 1466 743 1507 Terentiano
775 1465 920 1520 ducta,
958 1468 1007 1507 ut
1037 1478 1181 1518 saepe,
1212 1463 1296 1504 alio
1327 1466 1470 1505 tamen

196 1524 322 1565 simul
360 1523 551 1564 adhibito
590 1525 780 1576 auctore,
819 1522 892 1576 qui
928 1522 1071 1563 nescio
1110 1535 1165 1561 an
1204 1519 1312 1561 Iuba
1339 1519 1484 1572 fuerit,

205 1580 320 1634 apud
347 1579 531 1621 Marium
557 1578 830 1620 Victorinum
858 1591 928 1633 pg.
959 1578 1037 1619 178
1068 1577 1116 1619 G.
1149 1576 1350 1631 leguntur
1383 1575 1485 1616 haec

200 1643 212 1661 ⁶
231 1637 336 1678 item
367 1650 418 1676 ex
446 1635 581 1676 tribus
612 1634 787 1689 dactylis
818 1633 1039 1675 accedente
1067 1633 1119 1674 ad
1149 1632 1348 1673 extima-m
1378 1631 1487 1672 clau-

203 1692 339 1733 sulam
376 1691 622 1746 pyrrhichio
661 1705 735 1732 seu
772 1690 912 1731 iambo
950 1690 1071 1744 lyrici
1108 1702 1253 1730 versus
1290 1690 1484 1731 metrum,

208 1747 323 1802 quod
350 1747 500 1789 Graeci
522 1746 749 1789 Calabrion
771 1746 998 1800 appellant,
1029 1744 1340 1797 informabitim
1370 1757 1488 1784 usur-

202 1807 350 1858 patum
391 1819 415 1844 a
452 1803 693 1857 pastoribus
724 1802 933 1855 Calabris,
971 1801 1044 1855 qui
1074 1801 1295 1842 decantare
1325 1813 1391 1840 res
1420 1814 1487 1840 ru-

206 1860 332 1901 sticas
362 1859 429 1900 his
460 1859 599 1900 verbis
630 1859 780 1910 solent,
812 1857 926 1912 quod
955 1871 1088 1913 genus
1118 1856 1241 1898 metri
1263 1856 1487 1896 Annianus

208 1916 421 1958 Faliscum
451 1929 621 1956 carmen
650 1915 860 1967 inscribit,
890 1916 1108 1968 tamquam

406 1972 595 2012 carmina
623 1985 700 2025 per
729 1971 869 2012 varios
900 1969 997 2011 dare
1027 1968 1195 2021 modos3

204 2032 250 2069 ut
292 2030 357 2069 est
393 2027 499 2068 illud
538 2027 650 2082 apud
680 2025 932 2080 Septimium
963 2025 1186 2067 Serenum:
1219 2023 1387 2078 quando
1417 2023 1484 2064 fia-

205 2084 317 2139 gella
348 2083 477 2139 ligas,
509 2084 569 2125 ita
596 2083 703 2138 liga,
735 2082 834 2124 vitis
865 2085 907 2123 et
935 2082 1074 2123 ulmus
1104 2081 1168 2122 uti
1198 2080 1324 2121 simul
1353 2083 1486 2121 eant'.

204 2139 323 2181 Idem
353 2154 424 2194 pg.
458 2140 538 2181 180
568 2142 611 2181 et
639 2141 821 2180 metrum
854 2139 938 2179 tale
975 2142 986 2160 ²
996 2140 1148 2192 pergat
1181 2136 1316 2177 amica
1342 2135 1488 2177 Venus

203 2196 331 2237 modo
364 2196 492 2237 iocis’
524 2199 566 2237 et
592 2195 906 2250 paroemiacum
925 2193 1032 2235 illud
1062 2192 1208 2246 ‘unde,
1236 2191 1348 2233 unde
1378 2191 1489 2233 colo-

201 2251 312 2292 nus?
327 2251 411 2293 Eoi
439 2267 462 2293 a
486 2252 660 2293 flumine
677 2251 794 2293 venit
810 2249 980 2292 Oronti'
997 2249 1099 2291 dicit
1112 2249 1298 2291 vocitata
1313 2247 1486 2289 Falisca.
